2196 3438
1236 334 1292 375 30

494 485 737 516 vacaneum
758 475 838 515 est.
885 471 995 515 Nam
1016 473 1065 514 ut
1094 483 1207 526 quae
1228 470 1417 515 minoris
1447 472 1662 516 momenti
1691 474 1798 518 sunt
1826 473 2044 528 omittam,
2068 525 2070 528 ⁵

497 555 640 597 neque
672 541 918 585 carminum
950 538 1061 582 κατὰ
1091 538 1232 597 στίχον
1269 553 1412 596 neque
1453 539 1564 583 κατὰ
1598 539 1830 602 περικοπὴν
1857 538 2048 601 &opeto-

497 614 632 666 μερῶν
670 623 813 665 neque
853 612 1004 666 μικτῶν
1042 607 1357 666 συστηματικῶν
1395 622 1540 665 neque
1571 609 1723 667 μικτῶν
1759 609 1872 655 κατὰ
1905 609 2049 670 σχίσιν

494 679 835 734 descriptiones,
867 691 980 734 quae
1012 678 1057 721 in
1087 678 1240 734 priore
1271 678 1594 723 commentario
1625 678 1790 734 insunt,
1820 693 1876 725 ex
1903 680 2046 725 altero

492 749 693 803 potuisse
723 747 914 791 derivari
946 746 1196 791 rectissime
1231 747 1301 791 vir
1330 748 1487 792 doctus
1519 749 1856 794 demonstravit.
1911 749 2048 794 Deni-

494 831 577 872 que
611 830 666 860 ne
698 830 750 860 ea
782 816 975 872 quidem,
1008 829 1120 872 quae
1149 830 1192 872 p.
1223 817 1278 860 IV
1312 817 1493 861 14—16
1529 818 1584 861 de
1625 822 1829 875 μετρικοῐς
1857 814 2050 870 ἀτόποις

498 886 761 938 referuntur,
807 899 862 928 ex
905 886 1046 929 altero
1077 886 1401 930 commentario
1445 886 1506 942 (p.
1535 887 1611 931 XII
1641 886 1772 943 5-6)
1808 900 1910 932 esse
1944 900 2051 985 pro·

497 956 610 998 secta
642 955 738 1009 ipse
767 968 810 1009 p.
842 955 898 997 24
929 968 994 1009 sq.
1026 954 1150 998 evici.

608 1024 815 1066 Pluribus
866 1023 1185 1078 disputandum
1229 1027 1298 1067 est
1336 1024 1392 1067 de
1428 1024 1584 1068 Hensii
1616 1025 1830 1080 opinione
1858 1025 1917 1069 ab
1947 1025 2047 1082 ipso

493 1092 715 1135 subtiliter
736 1091 969 1146 explicata,
991 1105 1123 1147 quam
1146 1092 1389 1136 nemodum
1417 1093 1568 1136 dedita
1595 1106 1734 1149 opera
1763 1093 2047 1139 examinavit.

492 1161 687 1205 Hensius
719 1160 764 1202 in
795 1163 887 1203 tres
918 1163 1070 1215 partes
1101 1174 1128 1204 a
1158 1161 1348 1205 diversis
1379 1162 1637 1205 auctoribus
1669 1163 1897 1208 confectas
1926 1174 2049 1208 com-

493 1230 758 1273 mentarium
789 1230 805 1272 l
846 1229 1015 1273 divellit
1045 1230 1203 1274 hasce:

559 1300 600 1353 1)
631 1313 673 1353 p.
704 1298 758 1341 111
792 1300 810 1341 1
839 1298 971 1341 —IV
1001 1299 1027 1341 5
1058 1302 1101 1342 et
1130 1313 1173 1354 p.
1205 1299 1261 1342 IV
1295 1300 1348 1342 14
1382 1324 1435 1331 —
1461 1301 1497 1343 V
1525 1301 1550 1343 3
1582 1301 1776 1357 reliquas
1807 1313 1908 1345 esse
1935 1298 2047 1344 dixit

636 1368 822 1410 extremi
853 1367 1012 1423 capitis
1044 1368 1294 1421 enchiridii,

557 1439 601 1491 2)
631 1451 674 1491 p.
705 1437 759 1479 IV
789 1437 816 1479 6
834 1461 886 1468 -
907 1438 958 1480 13
990 1437 1299 1493 epitomatoris
1330 1439 1398 1481 vel
1429 1439 1708 1494 grammatici
1726 1438 2047 1490 additamenta,

556 1507 599 1560 3)
630 1520 672 1561 p.
704 1507 738 1548 V
768 1507 957 1549 4—vl1
985 1507 1014 1549 4·
1052 1521 1154 1550 esse
1202 1507 1467 1563 particulam
1510 1509 1734 1564 quandam
1769 1507 1829 1552 ad
1861 1507 2048 1552 verbum

633 1588 774 1630 usque
805 1589 860 1618 ex
890 1575 1121 1619 Heliodori
1153 1577 1402 1620 enchiridio
1435 1578 1760 1633 depromptam.

607 1645 805 1687 Primum
843 1644 1106 1699 gravissime
1145 1645 1416 1689 offendimur
1454 1646 1534 1699 eis,
1574 1659 1687 1702 quae
1723 1645 1919 1690 Hensius
1947 1645 1980 1689 1.
2007 1657 2045 1689 c.

493 1728 535 1769 p.
576 1715 655 1756 15⁶2
701 1714 756 1756 de
801 1714 949 1757 media
996 1715 1306 1759 commentarii
1352 1718 1480 1771 parte
1522 1715 1723 1771 protulit.
1788 1715 1902 1760 Nam
1944 1727 2048 1771 per-

494 1783 654 1825 mirum
686 1783 771 1825 sibi
802 1783 928 1826 finxit
948 1784 1143 1827 Hensius
1165 1785 1516 1840 grammaticum.
1576 1784 1754 1828 Etenim
1783 1797 1884 1828 cum
1914 1786 2048 1840 caput

494 1852 588 1908 περὶ
615 1849 845 1909 ποιήματος
876 1865 982 1896 casu
1012 1854 1265 1897 mutilatum
1297 1854 1504 1909 supplere
1535 1853 1688 1896 animo
1722 1853 2047 1910 proposuisset,

494 1935 586 1963 non
601 1922 830 1976 usurpavit
847 1923 1067 1978 ampliora
1081 1922 1432 1978 Hephaestionis
1449 1936 1599 1978 opera,
1626 1923 1707 1966 sed
1733 1922 1792 1966 ad
1814 1921 2047 1967 Heliodori

496 1990 635 2033 libros
681 1990 853 2046 refugit.
911 1991 1064 2048 Neque
1107 2005 1214 2035 vero
1261 1992 1372 2036 satis
1416 1991 1572 2036 habuit
1613 1991 1845 2035 Heliodori
1881 1991 2048 2035 scrinia

496 2060 777 2114 compilasse,
795 2060 875 2103 sed
890 2066 973 2112 τοῖς
989 2055 1308 2118 ἀπολελυμένας
1324 2060 1506 2104 omissis
1523 2061 1843 2104 nonnullorum
1856 2059 2049 2104 aliorum

494 2142 706 2182 generum
742 2129 1069 2184 descriptiones
1099 2130 1197 2185 ipse
1234 2130 1512 2186 excogitavit.
1570 2130 1783 2174 Attamen
1824 2142 1902 2173 eas
1938 2142 2049 2185 quo·

495 2210 580 2251 que
603 2197 814 2249 indidem,
845 2198 964 2241 unde
986 2201 1159 2242 ceteras
1181 2198 1344 2251 hausit,
1376 2198 1641 2253 depromere
1673 2198 1713 2241 ei
1743 2197 1882 2242 licuit.
1931 2197 2050 2242 Nam

496 2265 533 2307 si
565 2266 749 2308 omnino
782 2266 837 2309 de
869 2267 1119 2310 carminum
1151 2268 1390 2322 generibus
1422 2267 1692 2310 Heliodorus
1723 2267 1770 2310 in
1798 2265 2046 2310 enchiridio

493 2334 630 2377 verba
667 2334 784 2387 fecit,
823 2335 926 2378 fecit
966 2339 1085 2379 certe
1128 2335 1183 2379 de
1221 2336 1459 2391 generibus
1498 2334 1609 2378 κατὰ
1647 2334 1802 2392 σχέσιν,
1841 2332 2047 2379 ἀπολελυ-

495 2402 639 2459 μὲνοις,
671 2403 714 2455 ἐξ
734 2402 896 2460 ὁμοίων.
956 2405 1139 2449 Minime
1167 2406 1304 2449 talem
1335 2405 1572 2461 supplendi
1594 2405 1816 2448 rationem
1835 2417 1891 2448 ex
1919 2416 2046 2447 more

496 2473 884 2526 grammaticorum
939 2473 1091 2527 fuisse,
1128 2474 1456 2530 profitebuntur
1499 2475 1659 2518 harum
1703 2486 1853 2517 rerum
1893 2472 2047 2529 periti:

496 2541 615 2596 quod
641 2542 678 2584 si
707 2542 986 2586 concesseris
1009 2544 1150 2587 oritur
1174 2543 1262 2587 iam
1279 2544 1475 2600 suspicio
1492 2543 1830 2599 grammaticum
1844 2541 1969 2585 illum
1999 2555 2047 2585 re

495 2624 599 2653 vera
631 2624 851 2666 nusquam
881 2612 1096 2656 extitisse.
1155 2614 1298 2656 Porro
1330 2613 1388 2657 ad
1419 2627 1519 2657 eum
1541 2627 1673 2669 quem
1691 2611 1888 2656 Hensius
1907 2610 2048 2656 voluit

496 2681 804 2724 commentarii
848 2681 866 2723 I
912 2682 1135 2725 defectum
1190 2682 1515 2738 expediendum
1562 2684 1809 2726 statuamus
1860 2694 2047 2725 necesse

496 2752 564 2791 est
595 2762 747 2792 casum
779 2751 835 2792 ab
882 2751 1005 2794 omni
1043 2752 1136 2794 veri
1175 2752 1465 2796 similitudine
1503 2752 1835 2796 abhorrentem.
1893 2750 2047 2806 Largi-

494 2831 620 2859 amur
650 2819 891 2873 paulisper,
929 2821 1048 2874 quod
1078 2821 1151 2864 vix
1182 2822 1419 2876 quisquam
1448 2821 1671 2876 largietur,
1702 2833 1792 2862 uno
1822 2819 1891 2862 vel
1923 2831 2047 2863 com-

495 2887 695 2939 pluribus
735 2887 856 2930 foliis
896 2889 1139 2943 deperditis
1179 2891 1489 2934 commentarii
1520 2890 1537 2932 I
1567 2890 1700 2932 finem
1731 2902 1833 2931 esse
1863 2888 2046 2932 detrun-

496 2958 655 3006 catum,
694 2970 889 3011 quonam
928 2970 1034 3000 casu
1070 2959 1203 3012 plane
1241 2959 1427 3002 mirifico
1466 2973 1520 3001 ex
1559 2958 1707 3000 medio
1746 2957 1824 3000 illo
1870 2957 2046 3001 defectu

496 3026 622 3078 quasi
645 3026 804 3068 rudera
826 3031 1136 3070 remanserunt
1158 3026 1330 3083 μετρικοὶ
1351 3027 1541 3070 ἆτακταῖ
1599 3026 1796 3070 Hensius
1818 3027 2046 3081 quomodo
