2196 3438
881 376 923 380 <A
964 315 1019 358 83
1103 376 1124 380 0

213 444 321 498 etsi
329 454 502 509 eertum
530 465 697 502 nomen
727 451 1025 507 desideratur3
1055 454 1130 508 qui
1161 454 1361 497 defectus
1383 454 1468 498 soli
1489 455 1766 510 excerptoris

211 515 523 576 mogontiae
551 521 815 566 tribuendus
854 524 944 573 est
989 535 1076 577 qua
1115 522 1323 566 universa
1360 523 1470 566 haec
1501 523 1557 566 de
1586 537 1768 579 poema-

212 590 311 637 ΜΒ
336 590 575 645 generibus
614 590 855 645 disputatio
900 590 1030 633 foede
1066 595 1272 635 truncata
1309 595 1391 635 est.
1458 593 1608 647 Longe
1649 593 1766 636 enim

212 660 319 703 ante
347 658 456 703 illud
487 659 736 703 carminum
765 672 904 714 genus
936 662 1150 704 statutum
1181 664 1250 704 est
1286 674 1420 716 quam
1448 661 1658 704 Aristidis
1690 675 1764 704 ars

213 727 479 784 munitata-
538 728 713 784 Elegeis
750 728 808 772 ab
844 728 1180 783 Hephaestione
1217 742 1375 784 parum
1413 733 1515 785 apte
1555 733 1769 785 systema-

212 794 317 843 h'flis
345 797 595 843 subiunctis
624 797 698 840 hic
727 797 868 841 multo
892 798 1051 841 melius
1075 798 1298 853 peculiare
1318 811 1459 853 genus
1480 799 1594 842 effici
1615 798 1767 850 voluit,

214 864 285 910 eui
313 865 372 909 ab
398 865 611 910 Aristidis
640 867 823 909 auctore
854 866 1058 909 similiter
1087 870 1219 922 atque
1249 867 1296 910 fit
1325 867 1443 922 apud
1472 867 1768 922 Hephaestio·

213 945 319 982 nem
347 933 519 990 epodos
549 947 725 990 quoque
753 934 1093 977 Archilochicos
1122 938 1442 979 annumeratos
1474 935 1612 979 fuisse
1641 938 1769 991 puta-

213 1001 370 1054 ntiu-
417 1003 684 1058 Sci-apulum
712 1016 818 1047 vero
847 1003 993 1058 prima
1022 1004 1170 1058 specie
1199 1008 1379 1048 movent
1407 1005 1607 1047 carmina
1626 1004 1768 1047 tribus

214 1071 422 1122 vot-ibus
465 1072 671 1116 confecta
715 1069 771 1123 ὥς
820 1070 920 1115 ὅταν
965 1071 1133 1128 ἐλεγείῳ
1176 1073 1377 1129 προςτιθῇ
1423 1087 1480 1124 τις
1518 1072 1701 1130 ἰαμβεῖον
1738 1071 1768 1128 ἠ

217 1137 326 1187 ἄλλο
351 1154 411 1196 τις
454 1141 512 1185 de
542 1142 703 1197 quibus
733 1145 781 1185 ut
811 1145 931 1185 recte
961 1142 1129 1184 iudices
1166 1142 1377 1196 inspicias
1408 1142 1539 1186 velim
1568 1142 1769 1197 Hephae-

215 1207 381 1258 ui'nnis
407 1207 582 1266 μετρικοὶ
610 1208 793 1252 ἄτακταε
826 1223 881 1253 en
911 1209 1032 1265 quod
1062 1210 1288 1265 quaeritur
1311 1211 1563 1265 exemplum
1583 1211 1768 1254 offertur

213 1276 461 1330 smonidis
481 1279 767 1334 epigramma.
815 1280 875 1322 At
904 1279 1022 1322 enim
1053 1279 1172 1334 apud
1193 1279 1573 1334 Hephaestionem
1596 1278 1769 1336 μετρικά

213 1342 380 1392 ἄπιτε
408 1361 541 1404 quam
572 1361 666 1392 non
695 1351 798 1403 apte
828 1348 1064 1391 subiuncta
1100 1348 1191 1391 sint
1229 1348 1524 1403 systematicis
1553 1349 1656 1404 ipso
1688 1362 1769 1391 no-

214 1415 337 1463 minc
366 1417 426 1461 ad
454 1418 656 1461 carmina
685 1418 874 1461 stichica
903 1417 1106 1472 delegata
1135 1420 1179 1460 et
1209 1420 1484 1472 quantopere
1522 1419 1770 1472 repugnent

215 1485 490 1533 numinibus
534 1486 754 1530 absolutis
800 1499 935 1541 supra
979 1486 1187 1541 exposui,
1235 1485 1447 1529 Aristidis
1493 1488 1648 1529 auctor
1693 1498 1770 1527 cur

215 1553 464 1600 Simonidis
508 1555 784 1610 epigramma
826 1554 1112 1598 arcessiverit
1155 1555 1201 1597 in
1245 1555 1482 1609 propatulo
1527 1557 1607 1597 est.
1679 1555 1769 1597 Aut

214 1622 350 1680 igitur
391 1625 566 1679 egregie
610 1624 741 1668 fallor
784 1627 860 1668 aut
903 1625 972 1667 vel
1010 1637 1065 1667 ex
1101 1624 1186 1667 hac
1224 1623 1443 1678 particula
1470 1623 1680 1666 Aristidis
1713 1623 1767 1665 de

213 1695 471 1750 pomtum
527 1694 764 1748 generibus
821 1693 1152 1737 enarrationem
1208 1692 1571 1747 Hephaestionea
1627 1691 1767 1735 multo

215 1774 319 1809 une
365 1762 686 1818 simpliciorem
724 1766 868 1818 *atque
918 1762 1208 1806 vetustiorem
1258 1761 1485 1804 evincitur.
1557 1760 1768 1803 Aristidis

216 1833 375 1878 aanor
401 1830 596 1887 περίοδον
624 1831 675 1874 ἐκ
703 1829 902 1875 πλειόνων
936 1830 1093 1887 μέτρων
1131 1829 1423 1885 συνεστηκέναι
1467 1829 1638 1880 docuit,
1681 1829 1770 1872 He-

213 1899 423 1956 phaestio
452 1901 522 1945 vel
547 1901 600 1953 is,
630 1901 755 1944 cuius
786 1900 1070 1955 disciplinam
1101 1899 1332 1954 amplexus
1371 1902 1460 1950 est,
1503 1901 1553 1942 ut
1589 1898 1770 1941 schema

217 1969 466 2013 carminum
510 1969 755 2024 simplicius
801 1969 1027 2020 redderet,
1070 1966 1262 2024 σύστημα
1307 1980 1407 2010 esse
1452 1966 1563 2010 dixit
1607 1965 1765 2022 μέτρων

218 2037 466 2095 συναγωγὴν
494 2037 588 2094 ἤτοι
617 2037 692 2081 δύο
720 2037 750 2094 ἧ
778 2036 979 2081 πλειόνων
1006 2035 1037 2092 ἠ
1066 2035 1219 2093 ὁμοίων
1246 2034 1276 2091 ἡ
1306 2034 1522 2092 ἀνομοίων,
1561 2049 1648 2090 quo
1681 2035 1770 2077 fac-

217 2108 313 2151 tum
341 2109 431 2160 est,
467 2110 518 2151 ut
554 2107 672 2152 inter
715 2106 997 2163 systematica
1039 2106 1237 2160 recipere
1281 2104 1477 2160 potuerit
1515 2104 1689 2159 elegeas
1727 2106 1773 2146 et

218 2175 412 2232 φθάσω
442 2189 724 2232 quamquam,
749 2189 849 2219 cum
871 2174 1257 2231 systematicorum
1283 2173 1455 2229 species
1477 2176 1770 2224 enumeraret,

218 2245 480 2292 mutationis
510 2245 627 2289 illius
658 2241 840 2289 oblitus'
855 2244 1064 2300 speciem,
1104 2256 1191 2298 quo
1231 2243 1308 2286 illa
1342 2242 1542 2286 carmina
1572 2242 1770 2293 referret,

219 2326 313 2359 non
357 2314 634 2369 excogitavit.
707 2315 870 2357 Verum
923 2312 1171 2356 carminum
1214 2311 1334 2355 binis
1379 2311 1582 2355 versibus
1630 2323 1771 2366 usque

218 2382 420 2439 repetitis
450 2383 753 2427 constantium
782 2395 922 2438 genus
953 2394 1044 2424 non
1073 2381 1130 2423 ab
1153 2380 1366 2423 Aristidis
1391 2380 1569 2423 demum
1590 2382 1772 2423 auctore

218 2452 504 2498 enarratione
532 2452 894 2508 Hephaestionea
925 2451 1099 2494 offenso
1129 2450 1278 2493 fictum
1310 2462 1431 2501 esse,
1469 2449 1548 2492 sed
1578 2448 1772 2503 antiqui·

216 2522 292 2567 tus
321 2521 370 2565 in
397 2534 482 2566 usu
511 2521 651 2565 fuisse
680 2521 781 2565 aliis
811 2534 987 2577 quoque
1016 2519 1291 2574 argumentis
1322 2518 1532 2573 arguitur.
1593 2516 1771 2560 Etenim

220 2590 318 2647 ipse
345 2590 621 2646 Hephaestio
642 2590 842 2634 carmina
865 2589 1090 2644 Sapphica
1110 2587 1293 2631 alterius
1324 2589 1367 2630 et
1397 2586 1517 2629 tertii
1548 2586 1648 2629 libri
1682 2598 1772 2628 non

218 2656 299 2704 ὑπὸ
327 2658 487 2717 στίχου,
518 2660 599 2703 sed
628 2657 707 2702 ὑπὸ
740 2658 941 2715 διστιχίας
969 2658 1036 2701 vel
1067 2655 1147 2700 ὑπὸ
1185 2653 1336 2707 δυάδος
1373 2654 1524 2711 στίχων
1563 2654 1768 2697 distribui

219 2727 356 2774 refert
384 2730 445 2785 (p.
467 2729 523 2772 IV
545 2730 580 2772 1.
610 2729 649 2772 X
682 2730 701 2772 1
737 2729 866 2784 sqq.)‚
897 2740 1010 2783 quae
1041 2725 1324 2781 dispescendi
1356 2724 1469 2768 ratio
1502 2724 1547 2766 in
1577 2723 1773 2778 antiquis

219 2797 264 2843 h.
283 2811 324 2842 e.
341 2798 750 2843 Alexandrinorum
770 2797 1043 2840 editionibus
1063 2794 1353 2850 paragraphis
1375 2792 1612 2847 adscriptis
1635 2791 1773 2846 signi·

219 2866 349 2911 ficata
377 2869 484 2910 erat.

333 2935 484 2991 Neque
515 2934 667 2992 μικτῶν
698 2947 839 2990 neque
869 2932 1016 2976 κοινῶν
1053 2932 1141 2976 ulla
1179 2945 1340 2987 genera
1383 2930 1500 2986 apud
1531 2928 1772 2973 Aristidem

222 3007 650 3054 commemorantur,
697 3003 777 3046 sed
821 3002 1031 3058 quoniam
1070 3001 1201 3044 huius
1242 2999 1427 3044 rationis
1467 2998 1650 3054 vestigia
1685 2997 1772 3040 iam

1506 3078 1548 3113 6·
