2196 3438
1120 307 1303 375 ,ἡρμ-

476 450 593 504 apud
631 450 949 493 Aristoxenum
996 446 1392 502 deprehendimuS,
1438 460 1490 490 ea
1533 447 1590 491 ab
1625 447 1822 492 Aristide
1859 446 2031 492 omissa

476 532 575 561 esse
627 532 757 574 quam
819 519 875 560 ab
929 517 1047 559 illius
1098 519 1280 560 auctore
1333 515 1565 571 repudiata
1593 517 1893 571 'probabilius
1938 519 2028 568 σείς

474 600 516 641 p.
548 588 616 638 30,
655 589 681 630 2
718 585 924 643 συλλαβαί
960 586 1168 628 dicuntur
1204 585 1338 628 κοιναί
1373 585 1440 627 vel
1479 583 1623 641 μέσαι,
1665 598 1709 640 p.
1737 583 1807 640 36,
1841 585 2028 630 96-39

474 655 603 711 μέτρα
633 655 740 713 μέσα
771 655 1096 698 describuntur.

586 726 610 780 §
640 727 679 768 3.
739 724 824 767 Καὶ
852 721 1006 766 τούτων
1035 722 1087 766 τά
1116 724 1190 780 μὶν
1219 718 1520 780 ἀπολελυμένα,
1557 721 1611 765 τὰ
1640 723 1688 765 δὲ
1715 721 1828 766 κατὰ
1862 721 2027 780 σχίσιν·

473 792 761 850 ἀπολελυμένα
805 793 878 849 μὲν
921 790 978 843 ὡς
1020 790 1136 847 παραὶ
1178 797 1261 843 τοῖς
1296 797 1495 849 κωμικοῖς
1532 790 1576 833 αἱ
1610 789 1881 849 παραβάσεις,
1915 789 2028 835 κατὰ

472 862 614 918 σχέσιν
643 862 689 904 δὲ
719 859 774 912 ὥς
802 861 854 903 τὰ
883 859 1212 916 ἀντιστρέφοντα.

585 931 844 974 Carminum
882 943 907 972 e
952 930 1256 984 compluribus
1298 929 1501 973 versibus
1549 930 1895 986 constantium¹)
1922 885 2027 974 ulia

471 1014 571 1043 esse
602 995 904 1056 ἀπολελυμένα,
943 999 1032 1042 alia
1060 996 1173 1041 κατὰ
1201 997 1344 1055 σχέσιν
1381 999 1513 1042 docet
1547 999 1782 1043 Aristides.
1840 999 2026 1052 Desunt,

470 1074 517 1112 ut
555 1083 636 1125 par
681 1073 768 1120 est,
814 1073 857 1112 et
902 1067 1075 1125 μετρικοὶ
1112 1066 1277 1110 ἄτακτα
1306 1071 1350 1111 et
1389 1068 1589 1111 carmina
1628 1067 1671 1120 ἐξ
1707 1062 1872 1125 ὁμοίων,
1898 1078 2026 1124 *quae

469 1153 632 1194 genera
677 1138 856 1182 aliunde
902 1151 1002 1181 esse
1046 1137 1249 1192 profecta
1294 1149 1439 1192 neque
1485 1137 1724 1180 convenire
1767 1139 2025 1192 poematum

469 1205 784 1263 ἀπολελυμένων
815 1210 859 1250 et
888 1205 999 1249 κατὰ
1027 1205 1170 1263 σχέσιν
1199 1205 1478 1249 distinctioni
1514 1219 1650 1261 supra
1686 1206 1880 1250 ostendi.
1938 1200 2025 1250 uas

470 1290 554 1332 que
583 1276 815 1331 probabile
847 1279 916 1318 est
946 1288 999 1318 ea
1028 1276 1085 1318 ab
1116 1274 1312 1318 Aristide
1347 1274 1509 1318 abesse
1540 1287 1631 1318 non
1662 1273 1786 1327 ideo,
1821 1274 1943 1331 quod
1967 1274 2024 1327 is,

469 1346 541 1401 qui
583 1346 797 1400 largiores
842 1345 995 1399 copias
1034 1345 1081 1386 in
1118 1344 1259 1386 artius
1298 1344 1534 1394 contraxit,
1565 1356 1671 1387 casu
1702 1344 1815 1387 haec
1840 1343 2026 1399 potissi-

468 1429 587 1458 mum
620 1428 784 1469 genera
814 1414 980 1466 omisit,
1021 1413 1101 1456 sed
1137 1413 1258 1467 quod
1295 1413 1342 1455 in
1379 1426 1454 1465 eo,
1501 1426 1588 1468 quo
1633 1413 1862 1465 utebatur,
1899 1412 2024 1456 fonte

468 1485 542 1527 illa
580 1487 789 1539 poemata
837 1483 923 1526 huc
968 1482 1152 1537 delapsa
1197 1482 1398 1525 nondum
1443 1484 1582 1525 erant.
1651 1479 1770 1533 Quid
1811 1480 2023 1525 Aristidis

466 1557 622 1596 auctor
660 1554 715 1596 de
752 1552 974 1607 poematis
1005 1551 1048 1603 ἐξ
1085 1549 1236 1607 ὁμοίων
1272 1550 1534 1594 iudicaverit
1570 1550 1658 1593 dici
1695 1549 1871 1606 nequit3
1914 1549 2024 1595 illud

466 1636 601 1665 unum
662 1623 854 1665 fortasse
924 1621 1152 1664 mentione
1216 1620 1399 1674 dignum
1457 1622 1527 1663 est
1591 1619 1856 1672 Aristidem,
1921 1631 2022 1664 oum

466 1692 618 1734 omnia
665 1694 808 1734 metra
857 1704 1075 1746 quasnam
1123 1690 1453 1744 magnitudines
1498 1687 1700 1745 (μεγέθη)
1746 1687 2021 1740 contineant,

464 1763 670 1804 accurate
701 1761 872 1812 doceat,
910 1760 965 1802 de
997 1759 1144 1802 ionico
1180 1772 1207 1802 a
1243 1758 1418 1801 minore
1462 1758 1506 1800 h.
1546 1771 1584 1800 e.
1622 1769 1678 1799 co
1722 1760 1887 1810 metro,
1931 1769 2021 1813 quo

466 1843 646 1873 carmen
678 1830 786 1872 illud
815 1829 1043 1872 Alcaicum
1073 1828 1146 1882 (cf.
1175 1841 1219 1882 p.
1251 1827 1344 1870 XIV
1375 1828 1420 1881 3)
1451 1826 1679 1869 conditum
1711 1828 1794 1879 est,
1824 1837 1883 1869 ne
1900 1828 2020 1869 tecte

469 1900 647 1954 quidem
688 1899 928 1955 quidquam
967 1897 1233 1952 significare;
1279 1897 1334 1939 cf.
1362 1910 1404 1950 p.
1435 1896 1504 1947 33,
1546 1896 1610 1938 12.
1661 1896 1730 1948 34,
1768 1897 1806 1938 1.
1846 1895 1912 1939 19.
1941 1895 2020 1940 29.

463 1970 531 2020 35,
562 1970 602 2012 2.
634 1970 672 2011 7.
703 1970 771 2012 20.
803 1969 871 2019 36,
904 1969 946 2017 13
979 1970 1136 2010 contra
1164 1980 1207 2021 p.
1238 1967 1307 2018 35,
1337 1966 1519 2008 25—31.

576 2038 698 2090 Quae
730 2037 787 2080 ad
821 2036 874 2079 τά
909 2035 1199 2092 ἀπολελυμένα
1237 2034 1503 2078 illustranda
1538 2034 1826 2089 proferuntur
1861 2032 1907 2076 αἱ
1939 2032 2021 2076 νῦν

462 2106 657 2163 κωμικῶν
686 2104 943 2163 παραβάσεις
972 2105 1093 2148 haud
1122 2107 1292 2147 temere
1321 2103 1514 2158 cuipiam
1543 2103 1848 2146 difficultatem
1866 2106 2019 2146 move*

462 2177 586 2227 bunt,
618 2179 772 2230 utpote
811 2188 924 2230 quae
962 2189 1017 2218 ex
1054 2177 1225 2229 septem
1262 2173 1465 2228 partibus
1504 2174 1786 2224 constantes,
1831 2183 2019 2228 quanm

464 2248 556 2287 tres
588 2258 700 2299 quae
732 2244 1007 2299 praecedunt
1037 2246 1140 2286 sunt
1169 2240 1485 2298 ἀπολελυμέναι,
1513 2241 1710 2296 reliquae
1733 2238 1845 2283 κατὰ
1862 2239 2020 2298 σχέθω,

462 2327 553 2356 non
600 2314 793 2356 efficiant
832 2326 1015 2355 carmen
1053 2307 1361 2367 ἀπολελυμένον
1399 2311 1479 2353 sed
1516 2309 1659 2367 μικτὸν
1692 2307 2017 2367 συστηματιπώνς

461 2382 514 2424 cf.
566 2383 704 2425 schol.
760 2395 803 2436 p.
847 2382 924 2424 XV
982 2381 1188 2424 12—13.
1269 2381 1347 2431 At,
1400 2380 1570 2435 inquis,
1621 2379 1840 2422 vocabulo
1882 2376 2018 2434 παρά-

461 2451 576 2507 βασις
606 2452 661 2494 ab
700 2451 898 2493 Aristide
934 2450 1207 2505 significatur
1244 2462 1337 2491 non
1374 2451 1470 2491 tota
1504 2448 1762 2503 parabasis,
1801 2447 1883 2490 sed
1919 2447 2018 2490 sola

459 2521 599 2563 altera
631 2520 747 2562 illius
785 2533 912 2574 pars,
952 2519 1022 2562 cui
1066 2518 1186 2573 apud
1227 2517 1520 2560 Heliodorum
1558 2515 1664 2571 αιήἣ
1701 2514 1730 2572 ἡ
1767 2513 2015 2572 παράβασις,

459 2589 575 2643 apud
605 2589 842 2643 plerosque
873 2588 913 2630 oi
941 2585 1185 2630 ἀνάπαιστοι
1214 2599 1380 2630 nomen
1412 2589 1494 2629 est.
1553 2585 1678 2637 Quae
1713 2583 1799 2628 etsi
1830 2590 1883 2628 re
1909 2596 2016 2629 vera

458 2656 567 2699 κατὰ
588 2657 729 2713 στίχον
749 2657 1042 2709 distribuitur,
1065 2657 1199 2699 etiam
1220 2656 1340 2710 apud
1357 2654 1740 2710 Hephaestionem
1767 2654 1828 2708 (p.
1843 2652 2016 2696 XXVIII

458 2727 496 2768 8.
532 2727 600 2779 12)
632 2726 747 2769 inter
775 2725 829 2768 τά
859 2724 1150 2782 ἀπολελυμένα
1181 2728 1478 2768 enumeratur.
1546 2723 1685 2766 Multo
1722 2725 1873 2765 tamen
1908 2734 2015 2776 pro·

458 2795 648 2837 habilius
682 2797 750 2837 est
780 2795 899 2848 apud
928 2795 1139 2838 Aristidis
1170 2796 1398 2838 auctorem
1429 2793 1596 2848 primas
1624 2796 1717 2835 tres
1739 2791 2014 2846 parabaseos

575 2955 601 3000 ¹)
624 2956 680 2991 Ad
711 2957 781 2991 boc
813 2967 925 2992 unum
960 2966 1074 3000 genus
1107 2966 1234 2990 vocem
1271 2955 1403 2990 τούτων
1438 2956 1605 2999 spectare
1642 2964 1687 2988 ex
1719 2953 1804 2998 ipsa
1837 2963 1878 2987 re
1908 2952 2014 2988 intel-

457 3013 603 3057 legitur;
630 3015 675 3048 cf.
701 3014 811 3048 etiam
838 3026 870 3059 p.
897 3014 952 3055 29,
984 3015 1036 3049 12.
