2196 3438
1264 309 1317 352 14-

518 447 574 490 ad
604 459 701 502 pag.
733 448 801 500 30,
832 448 889 502 3),
922 448 966 490 in
999 447 1054 499 M,
1087 459 1174 503 quo
1206 447 1251 491 in
1283 447 1439 491 codice
1469 446 1642 491 scholia
1672 448 1885 493 continua
1919 448 2062 505 scrip-

511 518 607 559 tura
656 519 837 560 exarata
882 516 1068 570 singulis
1117 517 1337 573 capitibus
1384 517 1732 573 subiunguntur,
1774 519 1824 562 ut
1865 516 2061 573 primum

511 585 715 628 scholion
762 588 881 628 recte
928 585 1214 630 continuatur
1258 586 1542 630 antecedenti
1587 585 1718 630 metri
1763 585 1944 632 iambici
1982 596 2061 633 cx·

510 654 754 708 plicationi‚
793 654 886 707 sed,
923 657 973 698 ut
1010 654 1056 698 in
1095 654 1279 699 scholiis
1309 655 1369 708 fit,
1408 654 1658 699 minoribus
1689 655 1850 700 litteris
1879 653 2061 711 scripta.

513 723 662 766 Altera
693 726 812 766 certe
844 722 1011 767 codicis
1046 722 1104 766 Μ
1130 737 1289 768 manus
1329 724 1483 769 codice
1521 724 1671 780 aliquo
1709 723 1869 772 classis
1907 721 1952 767 Y
1978 737 2062 768 usa

510 791 683 834 addidit
720 792 903 836 verbum
941 791 1143 850 κείμενον.
1202 793 1481 838 Dubitationi
1522 793 1655 848 igitur
1686 795 1943 851 exemptum
1978 794 2062 846 est,

509 861 615 917 quin
640 861 863 905 enarratio
887 862 962 905 illa
986 862 1032 905 in
1050 862 1184 906 classi
1211 860 1254 904 Y
1268 862 1315 906 in
1339 862 1575 907 enchiridii
1600 864 1862 907 contextum
1885 861 2063 908 fluxerit

509 943 562 973 ex
595 930 748 974 codice
777 931 926 987 aliquo
958 931 1117 975 classis
1147 930 1200 975 B.

625 1021 749 1074 Quae
794 1036 894 1066 cum
939 1023 1001 1066 ita
1031 1023 1136 1075 sint,
1174 1023 1523 1068 commentarios
1560 1023 1618 1067 ad
1653 1022 1787 1067 unius
1825 1022 1995 1069 codicis
2021 1021 2064 1068 A

511 1091 642 1135 fidem
680 1092 982 1135 recensendos
1020 1092 1184 1147 putavi.
1251 1092 1394 1136 Huius
1434 1093 1566 1147 igitur
1605 1091 1956 1148 discrepantiam
1984 1091 2065 1137 ad·-

513 1160 673 1217 scripsi
707 1161 925 1216 integram
955 1162 1195 1205 levissimis
1226 1164 1400 1206 tantum
1430 1164 1694 1206 accentuum
1723 1161 1902 1207 mendis
1929 1161 2066 1206 tacite

511 1230 739 1274 correctis.
800 1230 864 1273 Ex
886 1229 929 1272 B
947 1244 1024 1274 eas
1045 1233 1220 1275 tantum
1241 1231 1458 1275 lectiones
1491 1231 1799 1287 discrepantes
1826 1229 2064 1287 adscripsi,

510 1312 622 1355 quae
645 1303 895 1343 memoratu
924 1299 1083 1354 dignae
1114 1300 1392 1344 videbantur.
1451 1300 1567 1344 Nota
1586 1300 1684 1344 dett.
1716 1299 1959 1357 significavi
1988 1312 2066 1344 co-

514 1368 636 1412 dices
669 1368 963 1424 interpolatos
995 1369 1038 1412 h.
1070 1383 1108 1413 e.
1140 1372 1326 1425 excepto
1357 1368 1398 1412 A
1428 1370 1625 1426 reliquos
1657 1369 1752 1414 sive
1780 1382 1940 1415 omnes
1970 1368 2064 1414 sive

513 1437 771 1492 plerosque,
818 1451 918 1481 cum
971 1437 1078 1493 quid
1118 1437 1305 1492 singulis
1351 1437 1463 1481 locis
1509 1437 1555 1481 in
1602 1437 1789 1494 singulis
1833 1436 2064 1485 codicibus

513 1507 726 1562 scriptum
752 1506 811 1549 sit
850 1519 932 1549 nec
955 1506 1071 1550 scire
1102 1507 1280 1550 intersit
1307 1520 1405 1561 nec,
1437 1521 1551 1563 quae
1584 1510 1654 1551 est
1681 1506 1922 1552 Gaisfordii
1940 1505 2065 1559 fides,

514 1576 601 1619 dici
631 1576 790 1631 possit.
851 1575 899 1618 In
929 1575 1148 1630 particula
1179 1575 1255 1618 illa
1283 1589 1325 1630 p.
1356 1576 1451 1618 XVI
1482 1576 1507 1619 7
1539 1601 1592 1606 —-
1622 1575 1722 1619 XIX
1746 1576 1783 1630 1,
1813 1589 1927 1632 quae
1957 1573 2066 1620 inA

513 1645 619 1688 folio
651 1643 885 1700 deperdito
917 1644 1056 1697 deest,
1088 1643 1330 1688 Gaisfordii
1361 1647 1579 1700 apparatu
1609 1644 1763 1688 critico
1801 1658 1910 1689 usus
1949 1657 2062 1689 sum.

624 1738 672 1780 In
717 1737 901 1780 scholiis
946 1737 1238 1780 recensendis
1275 1737 1474 1792 integras
1512 1736 1734 1792 adscripsi
1778 1736 1983 1781 codicum
2024 1735 2065 1780 G

511 1810 555 1851 et
602 1806 660 1849 M
690 1806 921 1859 lectiones,
966 1819 1076 1862 quas
1121 1806 1178 1850 ab
1216 1806 1315 1862 ipso
1355 1819 1568 1850 excussas
1603 1805 1918 1850 liberalissime
1953 1805 2065 1850 mihi

516 1876 815 1931 suppeditavit
836 1875 1185 1919 StudemunduS.
1246 1875 1468 1919 Editionis
1491 1875 1807 1919 Turnebianae
1833 1875 2065 1928 lectiones,

513 1958 614 1988 cum
642 1945 816 1988 duobus
846 1945 1005 1988 classis
1025 1943 1069 1986 B
1087 1944 1304 1999 exemplis
1330 1945 1395 1988 uti
1423 1944 1534 1988 mihi
1562 1944 1717 1988 liceret
1737 1944 2064 2001 Turnebusq'ue

513 2016 558 2058 in
598 2014 783 2057 scholiis
822 2013 957 2057 etiam
997 2013 1264 2057 insolentius
1296 2026 1430 2069 quam
1468 2013 1515 2056 in
1545 2015 1759 2056 contextu
1794 2013 1902 2057 fecit
1928 2013 2067 2057 verba

510 2084 674 2128 tradita
720 2083 971 2135 mutaverit,
1017 2083 1114 2138 pari
1159 2082 1260 2126 loco
1298 2085 1431 2138 atque
1470 2082 1737 2126 nostratium
1784 2082 2066 2126 coniecturas

510 2153 658 2196 habui

626 2246 839 2289 Neutrum
871 2245 1242 2288 commentarium
1272 2244 1450 2300 abipso
1469 2244 1806 2300 Hephaestione
1836 2257 1938 2288 esse
1957 2256 2065 2288 con-

515 2315 751 2370 scriptum,
800 2329 954 2358 verum
1002 2314 1179 2370 utrique
1226 2315 1412 2358 subesse
1453 2314 1651 2358 libellum
1704 2313 1929 2370 quendam
1975 2313 2065 2358 He-

514 2385 870 2439 phaestionem,
917 2383 997 2427 sed
1041 2397 1067 2426 a
1111 2383 1415 2439 grammaticis
1461 2383 1729 2439 quibusdam
1772 2394 1866 2426 non
1909 2381 2067 2426 leviter

515 2456 771 2509 corruptum
815 2454 933 2497 infra
977 2453 1311 2497 demonstrabo.
1379 2454 1428 2496 In
1466 2453 1565 2508 ipsa
1594 2453 1791 2496 editione
1820 2452 1868 2495 id
1896 2451 1980 2508 egi,
2015 2455 2066 2496 ut

515 2524 905 2578 grammaticorum
956 2522 1156 2575 illorum,
1215 2523 1289 2579 qui
1347 2522 1696 2566 commentarios
1753 2520 2064 2575 condiderunt,

514 2594 650 2636 verba
686 2592 1068 2635 reconcinnarem.
1142 2593 1192 2635 In
1231 2591 1555 2636 commentario
1593 2590 1844 2646 posteriore
1883 2603 1996 2646 quae
2038 2604 2066 2634 a

516 2662 806 2715 grammatico
826 2661 1032 2717 profecta
1052 2674 1153 2704 esse
1184 2661 1390 2716 suspicor
1419 2660 1534 2716 typis
1555 2659 1806 2703 minoribus
1837 2659 2066 2704 exaranda

516 2731 678 2774 curavi.
754 2731 912 2774 Obiter
955 2743 1118 2774 moneo
1168 2744 1239 2773 me
1287 2731 1488 2785 singulos
1537 2730 1676 2782 locOS‚
1724 2728 1886 2784 quibus
1934 2728 2065 2772 aliter

515 2800 699 2843 distinxi
744 2803 878 2855 atque
922 2800 1069 2843 adhuc
1114 2800 1234 2842 soliti
1280 2803 1404 2852 sunt,
1450 2799 1497 2842 in
1542 2800 1758 2854 apparatu
1795 2797 1963 2851 critico,
2006 2810 2066 2840 ne

515 2869 729 2912 molestus
751 2882 912 2922 essem,
935 2883 1027 2911 non
1059 2883 1367 2920 enumerasse;
1385 2882 1497 2923 quae
1513 2867 1790 2920 mutaverim,
1813 2866 1854 2909 ei
1876 2879 2066 2922 quorum

516 2937 702 2980 interest
734 2938 863 2980 facile
893 2938 1146 2992 dispicient.
