2196 3438
1250 330 1300 372 16

503 477 717 509 assensus
747 465 1051 521 Westphalius
1082 466 1256 519 (Metrik
1286 467 1326 510 1¹
1354 481 1397 523 p.
1438 467 1675 525 186—189)
1704 469 1903 526 priorem
1931 484 2054 516 com·

501 534 768 577 mentarium
813 534 1018 577 ultimum
1063 548 1165 579 esse
1209 536 1446 580 enchiridii
1486 536 1675 583 minoris
1713 542 1848 596 caput
1883 539 1932 586 in
1958 539 2054 587 -nne

501 615 607 646 casu
651 603 925 656 mutilatum,
977 604 1165 648 alterum
1214 619 1241 649 a
1284 606 1576 662 grammatico
1622 599 1816 664 quodam
1861 622 1916 654 ex
1957 622 2055 655 am-

499 671 716 726 plioribus
763 672 1112 728 Hephaestionis
1157 675 1368 730 operibus
1415 679 1695 732 excerptum,
1740 678 1875 723 certis
1923 691 2054 736 argu·

504 741 667 783 mentis
714 742 1008 797 comprobare
1054 743 1236 787 studuit.
1310 744 1577 801 Westphalii
1622 746 1883 802 opinionem
1926 761 2055 793 suam

505 810 607 852 fecit
638 810 804 854 Caesar
835 811 881 854 in
911 812 1133 858 emendat.
1191 813 1336 870 Heph.
1382 814 1419 858 II
1460 828 1503 870 p.
1548 815 1656 859 XIV.
1730 816 1780 859 In
1823 829 1913 873 qua
1950 829 2053 863 cum

504 879 878 934 acquiescendum
924 894 1026 924 esse
1081 885 1265 937 negaret
1315 883 1423 927 Otto
1470 884 1624 928 Hense
1668 885 2056 939 (Heliodoreische

503 948 920 1004 Untersuchungen,
964 950 1080 1006 Lips.
1115 952 1236 1004 1870,
1281 965 1323 1007 p.
1359 953 1599 1009 128-164)
1630 954 1809 998 tertiam
1836 954 1957 999 viam
1984 954 2055 1000 in-

506 1017 576 1069 iit,
623 1031 722 1061 cum
769 1018 825 1061 de
867 1019 1120 1074 posteriore
1166 1023 1491 1066 commentario
1529 1023 1798 1079 Westphalii
1842 1023 2054 1069 iudicium

505 1090 683 1129 secutus
714 1087 912 1142 priorem
944 1102 999 1132 ex
1029 1089 1309 1133 diversorum
1330 1091 1600 1146 scriptorum
1629 1092 1793 1147 pannis
1823 1106 1926 1137 esse
1946 1105 2056 1138 con-

502 1158 650 1198 sutum
681 1156 992 1200 demonstrare
1022 1159 1327 1203 contenderet.
1385 1160 1467 1203 His
1497 1161 1678 1204 demum
1698 1161 1829 1206 annis
1857 1162 1906 1206 in
1925 1161 2056 1206 Gais-

505 1224 636 1267 fordii
676 1225 945 1268 sententiam
981 1226 1093 1270 abiit
1129 1227 1242 1271 Guil.
1282 1228 1488 1284 Christ,¹)
1518 1229 1565 1272 in
1602 1229 1760 1273 Hensii
1795 1230 2054 1275 Gerhardus

496 1292 732 1345 Schultz,²)
771 1294 1112 1350 Westphalius³)
1164 1296 1312 1340 denuo
1366 1311 1415 1340 se
1466 1311 1567 1341 esse
1612 1298 1942 1354 disputaturum
1992 1299 2053 1344 de

502 1362 586 1404 hac
629 1363 892 1417 quaestione
936 1364 1162 1418 pollicitus
1212 1368 1300 1408 est:
1347 1379 1491 1422 neque
1534 1380 1640 1410 vero
1692 1368 1920 1422 promisso
1964 1368 2055 1413 iam

500 1430 636 1474 stetit.

617 1511 702 1563 Qui
747 1513 893 1555 adhuc
939 1526 1033 1556 rem
1078 1514 1324 1569 attigerunt
1370 1529 1528 1559 omnes
1574 1517 1631 1560 ab
1679 1517 1780 1573 ipsa
1828 1529 2057 1561 commen-

505 1580 718 1623 tariorum
763 1581 914 1624 indole
959 1582 1258 1626 examinanda
1301 1584 1489 1639 profecti
1537 1589 1654 1638 sunt,
1699 1599 1798 1640 nos,
1841 1589 1893 1630 ut
1922 1599 2056 1643 quam

501 1653 652 1704 potest
687 1650 993 1694 firmissimum
1038 1652 1290 1707 quaestioni
1335 1654 1535 1697 lubricae
1580 1655 1851 1699 subiciamus
1895 1655 2057 1700 funda-

503 1722 716 1771 mentum,
747 1719 940 1774 primum
970 1723 1178 1764 accurate
1207 1722 1532 1778 perquiremus,
1563 1724 1670 1779 quid
1691 1724 1950 1780 scriptores,
1980 1725 2055 1781 qui

502 1792 647 1831 aetate
694 1788 885 1842 codices,
931 1789 979 1832 in
1023 1790 1183 1845 quibus
1230 1793 1541 1836 commentarii
1571 1794 1787 1848 leguntur,
1827 1797 2055 1850 superant,

504 1858 559 1900 de
589 1858 955 1912 Hephaestionea
982 1860 1077 1915 περὶ
1105 1858 1338 1917 ποιήματος
1367 1862 1574 1906 doctrina
1602 1863 1883 1908 tradiderint.

614 1940 678 1981 Ac
715 1939 909 1994 primum
946 1940 1125 1995 quidem
1162 1941 1401 1986 dicendum
1440 1947 1510 1987 est
1548 1943 1603 1987 de
1634 1943 2055 1997 ChoeroboscO,

504 2008 548 2050 in
581 2008 704 2051 cuius
733 2009 1066 2063 prolegomenis
1097 2010 1238 2065 ipsius
1269 2012 1505 2056 enchiridii
1536 2013 1896 2069 interpretationi
1923 2025 2056 2069 prae-

503 2077 654 2120 missis
685 2091 727 2132 p.
759 2079 827 2131 35,
859 2079 886 2121 9
917 2092 1013 2134 sqq.
1043 2080 1155 2123 haec
1186 2079 1359 2124 insunt:

613 2156 786 2214 Γνήσιον
822 2157 868 2201 δέ
904 2159 990 2202 ἐστι
1025 2158 1071 2202 τὸ
1109 2158 1242 2217 παρὸν
1279 2159 1531 2220 σύγγραμμα
1556 2156 1854 2220 Ἡφαιστίωνος
1893 2165 2057 2220 πρῶτον

503 2227 575 2283 μὲν
609 2227 658 2268 ἐκ
678 2226 752 2282 τῆς
771 2227 912 2284 κοινῆς
933 2228 1158 2285 μαρτυρίας
1176 2233 1257 2274 τῶν
1284 2228 1562 2289 ὑπομνήματα
1581 2231 1842 2289 ποιησάντων
1861 2231 1919 2284 εἰς
1938 2225 2054 2287 αΰτό,

505 2296 592 2337 εἶτα
623 2295 669 2337 δὲ
699 2296 773 2337 καὶ
803 2296 853 2338 ἐκ
879 2300 952 2338 τοῦ
984 2297 1222 2354 μεμνῆσθαι
1261 2294 1384 2343 αὐτὸν
1420 2298 1566 2343 τούτου
1604 2302 1678 2343 καὶ
1715 2301 1757 2345 ἐν
1793 2306 1877 2353 τοῖς
1904 2297 2058 2362 ἑτέροις

503 2362 630 2406 αὐτοῦ
658 2363 868 2421 πονήμασι
883 2365 935 2422 ’4)
971 2366 1119 2423 ποιεῖῦ)
1149 2367 1231 2424 γὰρ
1270 2367 1426 2426 βιβλίον
1453 2370 1548 2426 περὶ
1575 2369 1820 2428 ποιήματος,
1849 2368 1953 2427 &up
1981 2369 2056 2413 καὶ

502 2431 567 2475 ἀεὶ
596 2432 902 2490 συνευρίσκεται
930 2433 1061 2492 τούτῳ
1091 2436 1149 2493 τῷ
1178 2437 1273 2493 περὶ
1302 2436 1460 2494 μέτρων
1490 2437 1646 2495 βιβλίῳ.

622 2616 647 2662 ¹)
672 2617 802 2654 Gesch.
836 2618 870 2654 d.
902 2618 1037 2663 griech.
1068 2619 1152 2656 Litt.
1192 2620 1229 2656 in
1260 2621 1320 2657 Iw.
1352 2621 1507 2657 Mueller
1537 2622 1704 2663 „Handb.
1737 2623 1773 2658 d.
1797 2623 1912 2659 klass.
1936 2622 2054 2660 Alter-

503 2676 880 2711 tumswissenoehaffl
908 2677 980 2712 vol.
1007 2678 1070 2713 VII
1094 2678 1318 2725 (Noerdling.
1340 2681 1442 2726 1889)
1467 2692 1502 2726 p.
1524 2682 1594 2716 565
1618 2682 1702 2717 adn.
1726 2681 1766 2723 2;
1790 2682 1933 2718 faverat
1955 2682 2055 2718 idem

507 2737 616 2768 antea
642 2734 677 2768 in
703 2734 797 2770 Phil.
822 2735 911 2771 Anz.
939 2736 1025 2771 1871
1053 2748 1087 2782 p.
1112 2738 1182 2772 308
1206 2738 1324 2782 magis
1349 2739 1474 2774 Hensii
1501 2740 1715 2775 sententiae.

615 2792 644 2837 ²)
670 2793 811 2836 Quibus
836 2795 1047 2830 auctoribus
1072 2795 1198 2831 Aelius
1224 2797 1356 2832 Festus
1385 2797 1619 2843 Aphthonius
1651 2799 1697 2833 de
1722 2809 1760 2833 re
1791 2798 1943 2835 metrica
1965 2810 2054 2835 usus

501 2851 548 2886 sit
571 2851 730 2894 (Vratisl.
758 2852 859 2897 1885)
884 2863 919 2897 p.
943 2853 1000 2888 46.

618 2910 645 2954 ³)
671 2910 765 2954 Allg.
791 2910 936 2945 Metrik³
962 2911 1099 2957 (Leipz.
1129 2913 1230 2958 1887)
1256 2926 1290 2959 p.
1319 2915 1396 2950 190.

616 2967 645 3010 ⁴)
669 2967 845 3012 πονήμασι
869 2970 1109 3010 Studemund‚
1134 2971 1305 3015 ποιήμασι
1330 2973 1436 3007 codd.

619 3026 643 3059 ⁵!
670 3027 778 3059 ἐποίει
804 3029 995 3071 proposuit
1022 3029 1350 3065 Hoerschelinann.
