2196 3438
1229 300 1285 343 34

593 441 751 484 Verum
785 452 839 481 ne
870 438 1028 491 longus
1060 437 1158 490 sim,
1190 437 1276 479 iam
1309 437 1418 480 satis
1449 438 1556 491 puto
1578 437 1839 493 apparuisse
1857 440 2031 484 tantam

479 523 558 565 per
588 512 729 552 totum
762 505 1129 551 commentarium
1161 508 1205 549 et
1235 506 1281 549 in
1311 505 1561 560 argumenti
1583 505 1880 562 dispositione
1908 509 1954 551 et
1982 506 2031 552 in

480 578 655 622 dicendi
695 589 855 632 genere
893 574 1092 630 conspici
1123 574 1451 630 aequalitatem,
1491 577 1658 630 quanta
1686 575 2029 632 haudquaquam

479 662 532 691 eo
571 647 676 691 oriri
707 648 869 701 potest,
901 643 1019 699 quod
1051 644 1239 687 duorum
1270 644 1503 688 hominum
1535 643 1673 687 libelli
1702 658 1729 688 a
1756 643 1890 689 tertio
1919 656 2031 700 quo-

480 718 580 760 dam
614 715 722 770 ipsis
762 715 992 759 auctorum
1029 711 1178 755 verbis
1218 712 1553 756 accuratissime
1591 712 1779 757 servatis
1816 712 1864 756 in
1890 723 2030 756 unum

482 798 642 840 corpus
674 782 1047 837 conglutinantur.
1107 781 1204 824 Hoc
1235 781 1393 825 saltem
1425 781 1567 837 quivis
1600 780 1817 827 concedat
1844 793 2031 826 necesse

479 858 559 905 est,
592 853 629 896 si
661 866 708 896 re
738 865 842 895 vera
873 850 1124 905 complures
1154 853 1360 894 auctores
1390 850 1435 894 in
1467 850 1789 894 commentario
1833 849 1911 895 illo
1954 863 2031 895 ex-

478 921 629 977 scripti
654 923 770 973 sunt,
800 919 979 963 tertium
1008 918 1132 962 illum
1163 919 1392 963 hominem
1423 933 1576 963 eorum
1597 919 1735 964 verba
1764 931 1857 964 non
1886 918 2031 964 obiter

478 991 731 1042 consuisse,
770 989 849 1032 sed
886 988 1068 1044 proprio
1107 988 1270 1032 iudicio
1307 1002 1438 1032 usum
1468 989 1581 1032 adeo
1612 988 1870 1032 confudisse
1898 990 2031 1045 atque

478 1062 750 1110 immutasse,
781 1060 829 1100 ut
859 1070 1024 1100 novum
1055 1056 1276 1112 quendam
1307 1057 1506 1101 libellum
1537 1057 1746 1101 effecerit.

590 1130 658 1179 At,
705 1126 865 1182 inquis,
912 1139 990 1169 cur
1034 1125 1213 1170 tandem
1252 1126 1447 1170 Hensius
1487 1126 1870 1177 commentarium,
1901 1125 2027 1171 euius

478 1197 668 1253 capitula
698 1199 789 1239 tam
820 1195 957 1238 firmis
996 1195 1112 1239 inter
1157 1209 1205 1239 se
1244 1195 1507 1251 copulentur
1543 1195 1746 1249 vinculis,
1792 1196 1840 1240 in
1883 1194 2027 1239 diver-

482 1280 632 1311 sorum
665 1268 896 1308 auctorum
927 1264 1175 1319 fragmenta
1206 1264 1542 1308 dissolvendum
1563 1278 1663 1308 esse
1686 1264 1888 1309 censuit?
1916 1263 2029 1308 Illud

476 1338 620 1381 solum
650 1335 808 1386 attulit,
840 1334 959 1390 quod
988 1336 1140 1389 partes
1172 1334 1420 1389 specierum
1451 1334 1731 1390 quarundam
1767 1333 1848 1378 τῶν
1877 1346 2027 1391 συσπ]-

476 1405 656 1463 ματικῶν
693 1405 738 1447 in
777 1403 1065 1459 epodicorum
1104 1407 1149 1447 et
1185 1405 1264 1446 τῶν
1308 1403 1419 1446 κατὰ
1455 1403 1686 1461 περικοπὴν
1721 1400 2028 1461 ἀνομοιομιρῶν

476 1473 850 1530 descriptionibus
881 1475 1148 1517 vocarentur
1177 1486 1269 1516 non
1300 1469 1557 1530 συστήματα,
1596 1473 1677 1516 sed
1713 1471 1911 1531 περίοδοι.
1967 1471 2029 1516 At

474 1545 667 1600 primum
697 1542 876 1598 quidem
906 1542 1194 1597 epodicorum
1225 1541 1499 1585 enarrationi
1538 1541 1802 1586 vocabulum
1837 1540 2029 1599 περίοδος

475 1612 758 1657 festinantius
797 1611 997 1655 inseruit.
1065 1611 1225 1655 Nonne
1257 1611 1414 1655 eodem
1446 1611 1540 1654 iure
1568 1624 1611 1666 p.
1642 1611 1699 1666 VI
1729 1611 1763 1654 3
1785 1610 1844 1655 ad
1873 1609 1918 1654 οιῑ
1954 1610 2029 1668 μὲν

476 1681 740 1738 ἑκατέρωθεν
785 1681 980 1736 suppleri
1024 1683 1175 1735 potest
1226 1694 1312 1723 vox
1357 1679 1559 1736 στροφαίῖ
1611 1679 1755 1724 Immo
1800 1691 2027 1725 commen-

477 1753 606 1795 datur
651 1751 737 1793 hoc
782 1750 1046 1793 vocabulum
1091 1763 1166 1801 eo,
1220 1750 1339 1805 quod
1390 1750 1524 1793 etiam
1569 1749 1626 1792 ad
1663 1746 1692 1805 ἡ
1732 1744 1891 1805 ἐπῳδός
1933 1761 2026 1791 non

476 1819 770 1875 supplendum
817 1822 886 1862 est
929 1832 1015 1862 vox
1052 1817 1255 1874 περίοδος,
1295 1819 1375 1862 sed
1412 1815 1590 1875 στροφῆς
1629 1817 1682 1861 cf.
1729 1816 1936 1861 Crusium
1980 1817 2027 1860 in

476 1891 711 1932 comment.
734 1888 888 1943 philol.
909 1887 1155 1931 Ribbeckio
1177 1887 1340 1931 oblatis
1362 1887 1498 1943 (Lips.
1531 1887 1659 1942 1888)
1687 1899 1731 1941 p.
1763 1887 1831 1930 20.
1890 1885 2027 1930 Favet

476 1959 610 2001 etiam
639 1971 765 2001 meae
796 1957 936 2012 magis
959 1957 1243 2000 coniecturae
1264 1956 1736 2012 monostrophicorum
1757 1955 2025 2011 explanatio.

473 2028 585 2071 Nam
630 2026 1000 2081 monostrophica
1021 2039 1143 2069 -cum
1180 2026 1474 2081 appellentur,
1513 2038 1605 2068 non
1644 2037 1756 2080 quae
1793 2021 1872 2067 ὑπὸ
1906 2036 2026 2079 στρο-

473 2096 607 2152 φῆς,1)
654 2096 733 2138 sed
778 2109 890 2151 quae
935 2093 1012 2137 ὑπὸ
1053 2094 1169 2152 μιᾶς
1207 2098 1389 2151 στροφῆς
1439 2093 1813 2151 καταμετροῦνται,
1860 2092 2027 2136 diserte

474 2167 759 2219 opponuntur
797 2164 1070 2206 carminibus
1109 2163 1328 2218 epodicis,
1378 2175 1490 2218 quae
1529 2162 1860 2218 quodammodo
1898 2175 2027 2204 mtu-

476 2237 713 2290 μετροῦνται
750 2231 828 2275 ὑπὸ
865 2231 1066 2275 πλειόνων
1101 2233 1289 2288 στροφῶν
1327 2232 1384 2283 εἰς
1422 2231 1466 2275 ἓν
1497 2231 1618 2289 σῶμα
1646 2229 2024 2288 παραληφθεισῶνς

475 2303 527 2344 cf.
559 2302 615 2344 III
645 2303 671 2344 5
701 2299 780 2343 ὑπὸ
810 2305 896 2343 τοῦ
927 2299 1081 2343 αὐτοῦ
1112 2300 1262 2358 μέτρου
1293 2304 1337 2344 et
1366 2301 1420 2344 111
1453 2301 1503 2343 12
1533 2298 1612 2343 ὑπὸ
1642 2297 1841 2344 πλειόνων
1869 2297 2027 2358 μέτρων

475 2371 531 2421 εἰς
555 2370 598 2413 ἓν
619 2371 739 2427 σῶμα
759 2370 1133 2427 παραληφθέντων.
1192 2370 1244 2413 In
1265 2371 1407 2414 altero
1429 2369 1752 2413 commentario
1773 2383 1816 2425 p.
1836 2367 1978 2413 XXIX
1997 2369 2025 2411 5

474 2440 671 2482 carmina
702 2439 887 2494 epodica
916 2440 1046 2494 plane
1077 2440 1284 2483 dicuntur
1313 2438 1482 2496 ᾄσματα
1511 2438 1622 2481 κατὰ
1651 2434 1895 2495 περικοπῆν.

584 2509 742 2551 Restat
781 2509 910 2562 igitur
948 2522 1063 2551 unus
1103 2509 1227 2552 locus
1258 2522 1403 2564 neque
1442 2509 1479 2551 is
1511 2509 1752 2552 admodum
1782 2505 2024 2553 offensioni

473 2581 552 2620 est.
614 2578 789 2619 Etenim
821 2591 912 2620 non
943 2578 1160 2621 hahemus
1182 2591 1271 2621 una
1291 2578 1401 2621 artis
1423 2578 1673 2621 locutiones
1693 2575 1805 2620 κατὰ
1831 2574 2023 2633 σύστημα

473 2651 516 2689 et
546 2645 654 2688 κατὰ
684 2646 886 2701 περίοδον,
927 2647 1005 2690 sed
1046 2647 1154 2690 illud
1194 2648 1339 2691 solum
1370 2647 1531 2702 premit
1560 2647 1727 2698 Hense,
1764 2645 1885 2702 quod
1913 2658 2024 2702 περι-

472 2719 612 2757 κοπῶν
643 2718 791 2769 partes
822 2719 1038 2759 vocantur
1067 2715 1263 2772 περίοδοι,
1296 2730 1396 2760 cum
1426 2716 1626 2760 carmina
1654 2714 1764 2758 κατὰ
1792 2713 2024 2771 περικοπὴν

471 2782 745 2840 ἀνομοιομερῆ
793 2785 987 2839 speciem
1033 2785 1226 2828 efficiant
1271 2786 1519 2829 carminum
1555 2784 1665 2828 κατὰ
1701 2783 1864 2840 σχέσιν,
1910 2796 2024 2839 quae

590 2945 614 2985 ¹)
640 2946 685 2980 cf.
711 2957 744 2989 p.
769 2946 816 2980 111
842 2947 874 2981 7.
908 2947 958 2981 14.
994 2948 1052 2987 16;
1078 2947 1124 2982 IV
1148 2950 1181 2983 6.
1230 2930 1404 2984 Fortasse
1434 2949 1482 2984 ad
1512 2947 1737 2984 vocabulum
1767 2945 1849 2991 μιᾶς
1887 2946 2023 2982 adden-

470 3004 555 3038 dum
581 3003 688 3038 etiam
715 3013 848 3038 nomen
875 3006 1135 3048 μονοστροφικοί
1161 3006 1302 3051 aliquid
1326 3006 1452 3042 valuit.
