<?xml version="1.0" encoding="UTF-8"?>
<!DOCTYPE html PUBLIC "-//W3C//DTD XHTML 1.0 Transitional//EN"
    "http://www.w3.org/TR/xhtml1/DTD/xhtml1-transitional.dtd">
<html xmlns="http://www.w3.org/1999/xhtml" xml:lang="en" lang="en">
 <head>
  <title>
</title>
<meta http-equiv="Content-Type" content="text/html;charset=utf-8" />
  <meta name='ocr-system' content='tesseract 3.04.00' />
  <meta name='ocr-capabilities' content='ocr_page ocr_carea ocr_par ocr_line ocrx_word'/>
</head>
<body>
  <div class='ocr_page' id='page_1' title='image "./deveterumperipoi00consuoft_0144.png"; bbox 0 0 2196 3438; ppageno 0'>
   <div class='ocr_carea' id='block_1_1' title="bbox 1194 295 1248 342">
    <p class='ocr_par' dir='ltr' id='par_1_1' title="bbox 1194 295 1248 342">
     <span class='ocr_line' id='line_1_1' title="bbox 1194 295 1248 342; baseline 0 0"><span class='ocrx_word' id='word_1_1' title='bbox 1194 295 1248 342; x_wconf 93' lang='lat' dir='ltr'><strong>1v</strong></span> 
     </span>
    </p>
   </div>
   <div class='ocr_carea' id='block_1_2' title="bbox 443 432 2003 565">
    <p class='ocr_par' dir='ltr' id='par_1_2' title="bbox 443 432 2003 565">
     <span class='ocr_line' id='line_1_2' title="bbox 443 432 2003 497; baseline -0.003 -14"><span class='ocrx_word' id='word_1_2' title='bbox 443 436 563 497; x_wconf 80' lang='grc' dir='ltr'>τρίτῳ</span> <span class='ocrx_word' id='word_1_3' title='bbox 594 437 811 495; x_wconf 77' lang='grc' dir='ltr'>Σαπφοῦς·</span> <span class='ocrx_word' id='word_1_4' title='bbox 853 437 895 480; x_wconf 83' lang='grc' dir='ltr'><strong>ἐν</strong></span> <span class='ocrx_word' id='word_1_5' title='bbox 926 437 985 489; x_wconf 72' lang='grc' dir='ltr'><strong>οἷς</strong></span> <span class='ocrx_word' id='word_1_6' title='bbox 1013 444 1332 495; x_wconf 82' lang='grc' dir='ltr'><strong>καταμετρεῐται</strong></span> <span class='ocrx_word' id='word_1_7' title='bbox 1363 438 1436 495; x_wconf 78' lang='grc' dir='ltr'><strong>μὲν</strong></span> <span class='ocrx_word' id='word_1_8' title='bbox 1467 434 1546 479; x_wconf 82' lang='grc' dir='ltr'><strong>ὑπὸ</strong></span> <span class='ocrx_word' id='word_1_9' title='bbox 1577 434 1789 494; x_wconf 84' lang='grc' dir='ltr'><strong>διστιχίας,</strong></span> <span class='ocrx_word' id='word_1_10' title='bbox 1819 432 1924 493; x_wconf 71' lang='grc' dir='ltr'><strong>αὕτη</strong></span> <span class='ocrx_word' id='word_1_11' title='bbox 1954 433 2003 479; x_wconf 64' lang='grc' dir='ltr'><strong>δὲ</strong></span> 
     </span>
     <span class='ocr_line' id='line_1_3' title="bbox 443 503 986 565; baseline -0.007 -14"><span class='ocrx_word' id='word_1_12' title='bbox 443 504 471 565; x_wconf 81' lang='grc' dir='ltr'><em>ἡ</em></span> <span class='ocrx_word' id='word_1_13' title='bbox 504 508 681 565; x_wconf 76' lang='grc' dir='ltr'><strong>διστιχία</strong></span> <span class='ocrx_word' id='word_1_14' title='bbox 711 503 838 564; x_wconf 76' lang='grc' dir='ltr'><strong>ὁμοία</strong></span> <span class='ocrx_word' id='word_1_15' title='bbox 858 505 986 561; x_wconf 68' lang='grc' dir='ltr'><strong>(ἐστί.</strong></span> 
     </span>
    </p>
   </div>
   <div class='ocr_carea' id='block_1_3' title="bbox 0 614 2196 1612">
    <p class='ocr_par' dir='ltr' id='par_1_3' title="bbox 0 614 2196 1612">
     <span class='ocr_line' id='line_1_4' title="bbox 0 614 2003 692; baseline -0.001 -15"><span class='ocrx_word' id='word_1_16' title='bbox 0 614 95 682; x_wconf 49' lang='lat' dir='ltr'><strong>scos}</strong></span> <span class='ocrx_word' id='word_1_17' title='bbox 133 620 188 675; x_wconf 79' lang='lat' dir='ltr'><strong>C.</strong></span> <span class='ocrx_word' id='word_1_18' title='bbox 427 628 507 692; x_wconf 58' lang='grc' dir='ltr'><strong>(β)</strong></span> <span class='ocrx_word' id='word_1_19' title='bbox 558 633 651 676; x_wconf 83' lang='grc' dir='ltr'><strong>Τῶν</strong></span> <span class='ocrx_word' id='word_1_20' title='bbox 697 634 742 675; x_wconf 81' lang='grc' dir='ltr'><strong>δὲ</strong></span> <span class='ocrx_word' id='word_1_21' title='bbox 787 631 1103 692; x_wconf 64' lang='grc' dir='ltr'><strong>συστηματικῶν</strong></span> <span class='ocrx_word' id='word_1_22' title='bbox 1146 631 1198 675; x_wconf 82' lang='grc' dir='ltr'><strong>τὰ</strong></span> <span class='ocrx_word' id='word_1_23' title='bbox 1243 631 1345 689; x_wconf 77' lang='grc' dir='ltr'><strong>μέν)</strong></span> <span class='ocrx_word' id='word_1_24' title='bbox 1390 631 1475 674; x_wconf 83' lang='grc' dir='ltr'><strong>ἐστι</strong></span> <span class='ocrx_word' id='word_1_25' title='bbox 1517 629 1629 673; x_wconf 80' lang='grc' dir='ltr'><strong>κατὰ</strong></span> <span class='ocrx_word' id='word_1_26' title='bbox 1666 629 1822 687; x_wconf 84' lang='grc' dir='ltr'><strong>σχέσιν,</strong></span> <span class='ocrx_word' id='word_1_27' title='bbox 1864 629 1918 675; x_wconf 76' lang='grc' dir='ltr'><strong>τὰ</strong></span> <span class='ocrx_word' id='word_1_28' title='bbox 1954 630 2003 675; x_wconf 64' lang='grc' dir='ltr'><strong>δὲ</strong></span> 
     </span>
     <span class='ocr_line' id='line_1_5' title="bbox 445 695 2003 759; baseline -0.001 -14"><span class='ocrx_word' id='word_1_29' title='bbox 445 698 748 759; x_wconf 78' lang='grc' dir='ltr'>ἀπολελυμένα,</span> <span class='ocrx_word' id='word_1_30' title='bbox 793 701 844 744; x_wconf 87' lang='grc' dir='ltr'><em>τά</em></span> <span class='ocrx_word' id='word_1_31' title='bbox 890 702 937 744; x_wconf 85' lang='grc' dir='ltr'><strong>δὲ</strong></span> <span class='ocrx_word' id='word_1_32' title='bbox 975 700 1017 753; x_wconf 81' lang='grc' dir='ltr'><strong>ἐξ</strong></span> <span class='ocrx_word' id='word_1_33' title='bbox 1054 695 1221 758; x_wconf 81' lang='grc' dir='ltr'><strong>ὁμοίων,</strong></span> <span class='ocrx_word' id='word_1_34' title='bbox 1264 701 1319 744; x_wconf 85' lang='grc' dir='ltr'><strong>τὰ</strong></span> <span class='ocrx_word' id='word_1_35' title='bbox 1356 701 1402 743; x_wconf 82' lang='grc' dir='ltr'><strong>δὲ</strong></span> <span class='ocrx_word' id='word_1_36' title='bbox 1440 698 1615 758; x_wconf 76' lang='grc' dir='ltr'><strong>μετρικοὶ</strong></span> <span class='ocrx_word' id='word_1_37' title='bbox 1653 698 1829 753; x_wconf 81' lang='grc' dir='ltr'><strong>ἄτακτα,</strong></span> <span class='ocrx_word' id='word_1_38' title='bbox 1865 697 1919 743; x_wconf 74' lang='grc' dir='ltr'><strong>τὰ</strong></span> <span class='ocrx_word' id='word_1_39' title='bbox 1955 698 2003 744; x_wconf 63' lang='grc' dir='ltr'><strong>δὲ</strong></span> 
     </span>
     <span class='ocr_line' id='line_1_6' title="bbox 397 769 902 829; baseline -0.002 -15"><span class='ocrx_word' id='word_1_40' title='bbox 397 777 415 806; x_wconf 84' lang='lat'><strong>⁶</strong></span> <span class='ocrx_word' id='word_1_41' title='bbox 446 770 582 829; x_wconf 84' lang='grc' dir='ltr'><strong>μικτοὶ,</strong></span> <span class='ocrx_word' id='word_1_42' title='bbox 613 770 664 814; x_wconf 87' lang='grc' dir='ltr'><strong>τὰ</strong></span> <span class='ocrx_word' id='word_1_43' title='bbox 695 772 742 813; x_wconf 78' lang='grc' dir='ltr'><strong>δὲ</strong></span> <span class='ocrx_word' id='word_1_44' title='bbox 771 769 902 813; x_wconf 81' lang='grc' dir='ltr'><strong>κοινοῖ.</strong></span> 
     </span>
     <span class='ocr_line' id='line_1_7' title="bbox 557 833 2003 896; baseline -0.001 -14"><span class='ocrx_word' id='word_1_45' title='bbox 557 839 643 883; x_wconf 85' lang='grc' dir='ltr'><strong>Καὶ</strong></span> <span class='ocrx_word' id='word_1_46' title='bbox 672 837 783 883; x_wconf 82' lang='grc' dir='ltr'><strong>κατὰ</strong></span> <span class='ocrx_word' id='word_1_47' title='bbox 813 838 955 896; x_wconf 91' lang='grc' dir='ltr'><strong>σχέσιν</strong></span> <span class='ocrx_word' id='word_1_48' title='bbox 984 838 1059 896; x_wconf 89' lang='grc' dir='ltr'><strong>μέν</strong></span> <span class='ocrx_word' id='word_1_49' title='bbox 1090 839 1210 894; x_wconf 87' lang='grc' dir='ltr'><strong>ἐστιν,</strong></span> <span class='ocrx_word' id='word_1_50' title='bbox 1254 837 1335 882; x_wconf 86' lang='grc' dir='ltr'><strong>ὅσα</strong></span> <span class='ocrx_word' id='word_1_51' title='bbox 1371 844 1576 896; x_wconf 80' lang='grc' dir='ltr'><strong>μετρεῖται</strong></span> <span class='ocrx_word' id='word_1_52' title='bbox 1613 833 1694 881; x_wconf 80' lang='grc' dir='ltr'><strong>ὑπὸ</strong></span> <span class='ocrx_word' id='word_1_53' title='bbox 1729 834 2003 894; x_wconf 78' lang='grc' dir='ltr'><strong>συστήματος,</strong></span> 
     </span>
     <span class='ocr_line' id='line_1_8' title="bbox 0 890 2005 968; baseline -0.007 -6"><span class='ocrx_word' id='word_1_54' title='bbox 0 890 322 968; x_wconf 56' lang='grc' dir='ltr'><strong>ιτὲλσῆἔῆ(</strong></span> <span class='ocrx_word' id='word_1_55' title='bbox 335 901 415 965; x_wconf 60' lang='lat' dir='ltr'><strong>&#39;s-</strong></span> <span class='ocrx_word' id='word_1_56' title='bbox 443 909 631 951; x_wconf 87' lang='grc' dir='ltr'><strong>καλεῖται</strong></span> <span class='ocrx_word' id='word_1_57' title='bbox 675 909 722 950; x_wconf 83' lang='grc' dir='ltr'><strong>δὲ</strong></span> <span class='ocrx_word' id='word_1_58' title='bbox 766 906 894 959; x_wconf 82' lang='grc' dir='ltr'><strong>οὕτως</strong></span> <span class='ocrx_word' id='word_1_59' title='bbox 931 906 999 950; x_wconf 79' lang='grc' dir='ltr'><strong>διὰ</strong></span> <span class='ocrx_word' id='word_1_60' title='bbox 1027 907 1073 950; x_wconf 85' lang='grc' dir='ltr'><strong>τὸ</strong></span> <span class='ocrx_word' id='word_1_61' title='bbox 1113 908 1224 967; x_wconf 77' lang='grc' dir='ltr'><strong>ἔχειν</strong></span> <span class='ocrx_word' id='word_1_62' title='bbox 1260 906 1462 966; x_wconf 62' lang='grc' dir='ltr'><strong>ςσχέσιν)</strong></span> <span class='ocrx_word' id='word_1_63' title='bbox 1498 906 1588 950; x_wconf 83' lang='grc' dir='ltr'><strong>τινὰ</strong></span> <span class='ocrx_word' id='word_1_64' title='bbox 1624 905 1727 963; x_wconf 82' lang='grc' dir='ltr'><strong>πρὸς</strong></span> <span class='ocrx_word' id='word_1_65' title='bbox 1756 905 1924 963; x_wconf 83' lang='grc' dir='ltr'><strong>ἄλληλα</strong></span> <span class='ocrx_word' id='word_1_66' title='bbox 1951 903 2005 949; x_wconf 76' lang='grc' dir='ltr'><strong>τὰ</strong></span> 
     </span>
     <span class='ocr_line' id='line_1_9' title="bbox 445 975 1085 1035; baseline -0.003 -14"><span class='ocrx_word' id='word_1_67' title='bbox 445 979 486 1021; x_wconf 81' lang='grc' dir='ltr'><strong>ἐν</strong></span> <span class='ocrx_word' id='word_1_68' title='bbox 516 978 573 1035; x_wconf 82' lang='grc' dir='ltr'><strong>τῷ</strong></span> <span class='ocrx_word' id='word_1_69' title='bbox 602 976 799 1034; x_wconf 79' lang='grc' dir='ltr'><strong>ποιήματι</strong></span> <span class='ocrx_word' id='word_1_70' title='bbox 830 975 1085 1034; x_wconf 83' lang='grc' dir='ltr'><strong>συστήματα.</strong></span> 
     </span>
     <span class='ocr_line' id='line_1_10' title="bbox 527 1043 2004 1103; baseline -0.001 -14"><span class='ocrx_word' id='word_1_71' title='bbox 527 1043 896 1103; x_wconf 68' lang='grc' dir='ltr'><strong>Ι&lt;Άπολελυμένα</strong></span> <span class='ocrx_word' id='word_1_72' title='bbox 931 1046 978 1088; x_wconf 84' lang='grc' dir='ltr'><strong>δὲ</strong></span> <span class='ocrx_word' id='word_1_73' title='bbox 1016 1044 1097 1088; x_wconf 86' lang='grc' dir='ltr'><strong>ὃσα</strong></span> <span class='ocrx_word' id='word_1_74' title='bbox 1142 1076 2004 1089; x_wconf 90' lang='grc'><strong>.....................</strong></span> 
     </span>
     <span class='ocr_line' id='line_1_11' title="bbox 32 1086 1244 1173; baseline -0.002 -14"><span class='ocrx_word' id='word_1_75' title='bbox 32 1107 108 1140; x_wconf 64' lang='lat'><strong>⁰⁸*</strong></span> <span class='ocrx_word' id='word_1_76' title='bbox 129 1127 139 1135; x_wconf 89' lang='lat'><strong>·</strong></span> <span class='ocrx_word' id='word_1_77' title='bbox 168 1086 209 1137; x_wconf 80' lang='lat' dir='ltr'>C</span> <span class='ocrx_word' id='word_1_78' title='bbox 236 1124 244 1132; x_wconf 86' lang='lat'><strong>‘</strong></span> <span class='ocrx_word' id='word_1_79' title='bbox 370 1120 415 1149; x_wconf 87' lang='lat'><strong>¹⁰</strong></span> <span class='ocrx_word' id='word_1_80' title='bbox 443 1115 522 1158; x_wconf 86' lang='grc' dir='ltr'><strong>ὑπὸ</strong></span> <span class='ocrx_word' id='word_1_81' title='bbox 555 1114 1244 1173; x_wconf 75' lang='grc' dir='ltr'><strong>συστηματος&gt;1καταμετρεῖσθαι.</strong></span> 
     </span>
     <span class='ocr_line' id='line_1_12' title="bbox 448 1177 2006 1242; baseline -0.001 -17"><span class='ocrx_word' id='word_1_82' title='bbox 448 1179 501 1242; x_wconf 83' lang='grc'><strong>(3</strong></span> <span class='ocrx_word' id='word_1_83' title='bbox 510 1177 622 1237; x_wconf 84' lang='grc' dir='ltr'><strong>&gt;Ἐξ</strong></span> <span class='ocrx_word' id='word_1_84' title='bbox 659 1179 811 1242; x_wconf 78' lang='grc' dir='ltr'><strong>ὁμοίων</strong></span> <span class='ocrx_word' id='word_1_85' title='bbox 850 1184 896 1226; x_wconf 84' lang='grc' dir='ltr'><strong>δὲ</strong></span> <span class='ocrx_word' id='word_1_86' title='bbox 925 1182 1006 1226; x_wconf 87' lang='grc' dir='ltr'><strong>ὅσα</strong></span> <span class='ocrx_word' id='word_1_87' title='bbox 1036 1183 1087 1226; x_wconf 85' lang='grc' dir='ltr'><strong>ἐκ</strong></span> <span class='ocrx_word' id='word_1_88' title='bbox 1115 1183 1188 1227; x_wconf 85' lang='grc' dir='ltr'><strong>τοῦ</strong></span> <span class='ocrx_word' id='word_1_89' title='bbox 1231 1179 1358 1227; x_wconf 79' lang='grc' dir='ltr'><strong>αὐτοῦ</strong></span> <span class='ocrx_word' id='word_1_90' title='bbox 1402 1182 1529 1234; x_wconf 87' lang='grc' dir='ltr'><strong>ποδός</strong></span> <span class='ocrx_word' id='word_1_91' title='bbox 1566 1183 1673 1226; x_wconf 86' lang='grc' dir='ltr'><strong>ἐστιν</strong></span> <span class='ocrx_word' id='word_1_92' title='bbox 1702 1180 1731 1239; x_wconf 79' lang='grc' dir='ltr'><strong>ἦ</strong></span> <span class='ocrx_word' id='word_1_93' title='bbox 1768 1180 1843 1239; x_wconf 86' lang='grc' dir='ltr'><strong>τῆς</strong></span> <span class='ocrx_word' id='word_1_94' title='bbox 1875 1179 2006 1239; x_wconf 79' lang='grc' dir='ltr'><strong>αὐτῆς</strong></span> 
     </span>
     <span class='ocr_line' id='line_1_13' title="bbox 444 1246 2005 1310; baseline -0.002 -14"><span class='ocrx_word' id='word_1_95' title='bbox 444 1253 638 1310; x_wconf 78' lang='grc' dir='ltr'><strong>συζυγίας</strong></span> <span class='ocrx_word' id='word_1_96' title='bbox 675 1252 704 1310; x_wconf 80' lang='grc' dir='ltr'>ἤ</span> <span class='ocrx_word' id='word_1_97' title='bbox 742 1257 816 1310; x_wconf 76' lang='grc' dir='ltr'><strong>τῆς</strong></span> <span class='ocrx_word' id='word_1_98' title='bbox 853 1251 981 1309; x_wconf 80' lang='grc' dir='ltr'><strong>αὐτῆς</strong></span> <span class='ocrx_word' id='word_1_99' title='bbox 1024 1251 1218 1310; x_wconf 86' lang='grc' dir='ltr'><strong>περιόδου</strong></span> <span class='ocrx_word' id='word_1_100' title='bbox 1258 1252 1451 1310; x_wconf 77' lang='grc' dir='ltr'><strong>ἀρχικῆς,</strong></span> <span class='ocrx_word' id='word_1_101' title='bbox 1490 1251 1585 1295; x_wconf 85' lang='grc' dir='ltr'><strong>οὔτε</strong></span> <span class='ocrx_word' id='word_1_102' title='bbox 1623 1249 1702 1294; x_wconf 83' lang='grc' dir='ltr'><strong>ὑπὸ</strong></span> <span class='ocrx_word' id='word_1_103' title='bbox 1733 1249 1880 1308; x_wconf 83' lang='grc' dir='ltr'><strong>στίχου</strong></span> <span class='ocrx_word' id='word_1_104' title='bbox 1909 1246 2005 1294; x_wconf 73' lang='grc' dir='ltr'><strong>οὔτε</strong></span> 
     </span>
     <span class='ocr_line' id='line_1_14' title="bbox 444 1321 1228 1379; baseline -0.001 -14"><span class='ocrx_word' id='word_1_105' title='bbox 444 1321 522 1365; x_wconf 85' lang='grc' dir='ltr'><strong>ὑπὸ</strong></span> <span class='ocrx_word' id='word_1_106' title='bbox 554 1321 815 1379; x_wconf 77' lang='grc' dir='ltr'><strong>συστήματος</strong></span> <span class='ocrx_word' id='word_1_107' title='bbox 844 1321 1228 1379; x_wconf 86' lang='grc' dir='ltr'><strong>καταμετρούμενα.</strong></span> 
     </span>
     <span class='ocr_line' id='line_1_15' title="bbox 459 1383 2185 1454; baseline -0.001 -20"><span class='ocrx_word' id='word_1_108' title='bbox 459 1391 540 1454; x_wconf 65' lang='grc' dir='ltr'><strong>(μ)</strong></span> <span class='ocrx_word' id='word_1_109' title='bbox 568 1391 755 1448; x_wconf 86' lang='grc' dir='ltr'><strong>Μετρικά</strong></span> <span class='ocrx_word' id='word_1_110' title='bbox 809 1391 856 1433; x_wconf 81' lang='grc' dir='ltr'><strong>δὲ</strong></span> <span class='ocrx_word' id='word_1_111' title='bbox 906 1390 1069 1433; x_wconf 83' lang='grc' dir='ltr'><strong>ἄτακτα</strong></span> <span class='ocrx_word' id='word_1_112' title='bbox 1112 1389 1194 1433; x_wconf 86' lang='grc' dir='ltr'><strong>ὅσα</strong></span> <span class='ocrx_word' id='word_1_113' title='bbox 1244 1390 1295 1433; x_wconf 83' lang='grc' dir='ltr'><strong>ἐκ</strong></span> <span class='ocrx_word' id='word_1_114' title='bbox 1339 1389 1498 1447; x_wconf 85' lang='grc' dir='ltr'><strong>μέτρων</strong></span> <span class='ocrx_word' id='word_1_115' title='bbox 1543 1390 1617 1447; x_wconf 75' lang='grc' dir='ltr'><strong>μὲν</strong></span> <span class='ocrx_word' id='word_1_116' title='bbox 1661 1383 2005 1446; x_wconf 72' lang='grc' dir='ltr'><strong>ὁμολογουμένων</strong></span> <span class='ocrx_word' id='word_1_117' title='bbox 2028 1397 2064 1432; x_wconf 83' lang='grc' dir='ltr'><strong>Ρ·</strong></span> <span class='ocrx_word' id='word_1_118' title='bbox 2093 1387 2135 1422; x_wconf 76' lang='lat'><strong>⁶¹</strong></span> <span class='ocrx_word' id='word_1_119' title='bbox 2183 1422 2185 1426; x_wconf 85' lang='lat'>.</span> 
     </span>
     <span class='ocr_line' id='line_1_16' title="bbox 371 1431 2196 1612; baseline -0.003 -109"><span class='ocrx_word' id='word_1_120' title='bbox 371 1465 416 1494; x_wconf 82' lang='lat'><strong>¹5</strong></span> <span class='ocrx_word' id='word_1_121' title='bbox 445 1460 693 1516; x_wconf 75' lang='grc' dir='ltr'><strong>συνέστηκε,</strong></span> <span class='ocrx_word' id='word_1_122' title='bbox 752 1458 861 1512; x_wconf 83' lang='grc' dir='ltr'><strong>τάξιν</strong></span> <span class='ocrx_word' id='word_1_123' title='bbox 911 1460 958 1502; x_wconf 82' lang='grc' dir='ltr'><strong>δὲ</strong></span> <span class='ocrx_word' id='word_1_124' title='bbox 1007 1461 1080 1502; x_wconf 83' lang='grc' dir='ltr'><strong>καὶ</strong></span> <span class='ocrx_word' id='word_1_125' title='bbox 1130 1455 1415 1516; x_wconf 82' lang='grc' dir='ltr'><strong>ἀνακύκλησιν</strong></span> <span class='ocrx_word' id='word_1_126' title='bbox 1464 1457 1543 1502; x_wconf 81' lang='grc' dir='ltr'><strong>οὐκ</strong></span> <span class='ocrx_word' id='word_1_127' title='bbox 1592 1459 1702 1515; x_wconf 75' lang='grc' dir='ltr'><strong>ἔχει,</strong></span> <span class='ocrx_word' id='word_1_128' title='bbox 1752 1455 1848 1500; x_wconf 80' lang='grc' dir='ltr'><strong>οὔτε</strong></span> <span class='ocrx_word' id='word_1_129' title='bbox 1894 1455 2007 1499; x_wconf 76' lang='grc' dir='ltr'><strong>κατὰ</strong></span> <span class='ocrx_word' id='word_1_130' title='bbox 2171 1431 2196 1612; x_wconf 54' lang='grc' dir='ltr'><strong>ὅ</strong></span> 
     </span>
     <span class='ocr_line' id='line_1_17' title="bbox 2149 1524 2172 1560; baseline 0 0"><span class='ocrx_word' id='word_1_131' title='bbox 2149 1524 2172 1560; x_wconf 80' lang='grc'><strong>6</strong></span> 
     </span>
    </p>
   </div>
   <div class='ocr_carea' id='block_1_4' title="bbox 2016 0 2196 1352">
    <p class='ocr_par' dir='ltr' id='par_1_4' title="bbox 2016 0 2196 1352">
     <span class='ocr_line' id='line_1_18' title="bbox 2016 0 2196 1352; baseline 0 0"><span class='ocrx_word' id='word_1_132' title='bbox 2016 0 2196 1352; x_wconf 95' lang='lat' dir='ltr'><strong> </strong></span> 
     </span>
    </p>
   </div>
   <div class='ocr_carea' id='block_1_5' title="bbox 442 1521 2144 1724">
    <p class='ocr_par' dir='ltr' id='par_1_5' title="bbox 442 1521 2144 1724">
     <span class='ocr_line' id='line_1_19' title="bbox 444 1521 2144 1587; baseline -0.001 -15"><span class='ocrx_word' id='word_1_133' title='bbox 444 1530 586 1587; x_wconf 81' lang='grc' dir='ltr'><strong>στίχον</strong></span> <span class='ocrx_word' id='word_1_134' title='bbox 624 1527 722 1572; x_wconf 84' lang='grc' dir='ltr'><strong>οὐδὲ</strong></span> <span class='ocrx_word' id='word_1_135' title='bbox 757 1527 1065 1586; x_wconf 81' lang='grc' dir='ltr'><strong>συστηματικά·</strong></span> <span class='ocrx_word' id='word_1_136' title='bbox 1103 1528 1187 1581; x_wconf 79' lang='grc' dir='ltr'><strong>οἶός</strong></span> <span class='ocrx_word' id='word_1_137' title='bbox 1225 1529 1332 1572; x_wconf 80' lang='grc' dir='ltr'><strong>ἐστιν</strong></span> <span class='ocrx_word' id='word_1_138' title='bbox 1367 1523 1390 1570; x_wconf 82' lang='grc' dir='ltr'>ὁ</span> <span class='ocrx_word' id='word_1_139' title='bbox 1428 1527 1643 1584; x_wconf 71' lang='grc' dir='ltr'><strong>Μαργίτης</strong></span> <span class='ocrx_word' id='word_1_140' title='bbox 1678 1521 1702 1569; x_wconf 85' lang='grc' dir='ltr'>ὅ</span> <span class='ocrx_word' id='word_1_141' title='bbox 1731 1525 1789 1578; x_wconf 80' lang='grc' dir='ltr'><strong>εἰς</strong></span> <span class='ocrx_word' id='word_1_142' title='bbox 1818 1523 2006 1583; x_wconf 73' lang='grc' dir='ltr'><strong>Όμηρον</strong></span> <span class='ocrx_word' id='word_1_143' title='bbox 2027 1524 2078 1571; x_wconf 77' lang='lat' dir='ltr'><strong>(P-</strong></span> <span class='ocrx_word' id='word_1_144' title='bbox 2106 1525 2144 1560; x_wconf 83' lang='lat'><strong>¹¹</strong></span> 
     </span>
     <span class='ocr_line' id='line_1_20' title="bbox 445 1593 2007 1655; baseline -0.003 -15"><span class='ocrx_word' id='word_1_145' title='bbox 445 1596 769 1655; x_wconf 80' lang='grc' dir='ltr'><strong>ἀναφερόμενος,</strong></span> <span class='ocrx_word' id='word_1_146' title='bbox 829 1597 870 1641; x_wconf 81' lang='grc' dir='ltr'><strong>ἐν</strong></span> <span class='ocrx_word' id='word_1_147' title='bbox 930 1596 963 1654; x_wconf 80' lang='grc' dir='ltr'><strong><em>ᾦ</em></strong></span> <span class='ocrx_word' id='word_1_148' title='bbox 1019 1597 1308 1654; x_wconf 79' lang='grc' dir='ltr'><strong>παρέσπαρται</strong></span> <span class='ocrx_word' id='word_1_149' title='bbox 1354 1602 1438 1648; x_wconf 82' lang='grc' dir='ltr'><strong>τοῖς</strong></span> <span class='ocrx_word' id='word_1_150' title='bbox 1487 1597 1624 1639; x_wconf 80' lang='grc' dir='ltr'><strong>ἔπεσιν</strong></span> <span class='ocrx_word' id='word_1_151' title='bbox 1682 1593 1876 1652; x_wconf 80' lang='grc' dir='ltr'><strong>ἰαμβικοὶ,</strong></span> <span class='ocrx_word' id='word_1_152' title='bbox 1932 1594 2007 1637; x_wconf 78' lang='grc' dir='ltr'><strong>καὶ</strong></span> 
     </span>
     <span class='ocr_line' id='line_1_21' title="bbox 442 1662 2004 1724; baseline -0.002 -14"><span class='ocrx_word' id='word_1_153' title='bbox 442 1671 572 1710; x_wconf 85' lang='grc' dir='ltr'><strong>ταῦτα</strong></span> <span class='ocrx_word' id='word_1_154' title='bbox 603 1666 652 1710; x_wconf 83' lang='grc' dir='ltr'><strong>οὐ</strong></span> <span class='ocrx_word' id='word_1_155' title='bbox 681 1665 776 1709; x_wconf 73' lang='grc' dir='ltr'><strong>κατ’</strong></span> <span class='ocrx_word' id='word_1_156' title='bbox 818 1668 905 1709; x_wconf 79' lang='grc' dir='ltr'><strong>ἴσον</strong></span> <span class='ocrx_word' id='word_1_157' title='bbox 940 1665 1149 1724; x_wconf 82' lang='grc' dir='ltr'><strong>σύστημα.</strong></span> <span class='ocrx_word' id='word_1_158' title='bbox 1194 1665 1377 1710; x_wconf 85' lang='grc' dir='ltr'><strong>τοιοῦτόν</strong></span> <span class='ocrx_word' id='word_1_159' title='bbox 1417 1666 1501 1708; x_wconf 83' lang='grc' dir='ltr'><strong>ἐστι</strong></span> <span class='ocrx_word' id='word_1_160' title='bbox 1545 1666 1618 1708; x_wconf 76' lang='grc' dir='ltr'><strong>καὶ</strong></span> <span class='ocrx_word' id='word_1_161' title='bbox 1656 1664 1704 1707; x_wconf 85' lang='grc' dir='ltr'><strong>τὸ</strong></span> <span class='ocrx_word' id='word_1_162' title='bbox 1742 1662 2004 1721; x_wconf 69' lang='grc' dir='ltr'><strong>Σιμωνίδειον</strong></span> 
     </span>
    </p>
   </div>
   <div class='ocr_carea' id='block_1_6' title="bbox 443 1737 2050 2386">
    <p class='ocr_par' dir='ltr' id='par_1_6' title="bbox 443 1737 2050 2386">
     <span class='ocr_line' id='line_1_22' title="bbox 447 1737 688 1794; baseline 0 -15"><span class='ocrx_word' id='word_1_163' title='bbox 447 1737 688 1794; x_wconf 72' lang='grc' dir='ltr'><strong>ἐπίγραμμα</strong></span> 
     </span>
     <span class='ocr_line' id='line_1_23' title="bbox 559 1868 2007 1920; baseline -0.003 -10"><span class='ocrx_word' id='word_1_164' title='bbox 559 1875 722 1920; x_wconf 85' lang='lat' dir='ltr'>Discrep.</span> <span class='ocrx_word' id='word_1_165' title='bbox 748 1874 847 1920; x_wconf 89' lang='lat' dir='ltr'>lect.]</span> <span class='ocrx_word' id='word_1_166' title='bbox 897 1874 913 1908; x_wconf 90' lang='lat'>1</span> <span class='ocrx_word' id='word_1_167' title='bbox 942 1873 1123 1919; x_wconf 76' lang='grc' dir='ltr'><strong>διστιχίας]</strong></span> <span class='ocrx_word' id='word_1_168' title='bbox 1149 1876 1375 1919; x_wconf 59' lang='grc' dir='ltr'><strong>διστοιχείαιῦ</strong></span> <span class='ocrx_word' id='word_1_169' title='bbox 1399 1873 1478 1920; x_wconf 86' lang='lat' dir='ltr'>(sic)</span> <span class='ocrx_word' id='word_1_170' title='bbox 1502 1873 1537 1909; x_wconf 99' lang='lat' dir='ltr'><strong><em>A</em></strong></span> <span class='ocrx_word' id='word_1_171' title='bbox 1595 1872 1608 1919; x_wconf 78' lang='grc' dir='ltr'><strong>ΙΙ</strong></span> <span class='ocrx_word' id='word_1_172' title='bbox 1665 1868 1772 1918; x_wconf 71' lang='grc' dir='ltr'><strong>αὕτη]</strong></span> <span class='ocrx_word' id='word_1_173' title='bbox 1801 1869 1893 1916; x_wconf 71' lang='grc' dir='ltr'><strong>αὕτη</strong></span> <span class='ocrx_word' id='word_1_174' title='bbox 1924 1869 1959 1907; x_wconf 74' lang='grc' dir='ltr'><strong><em>Δ</em></strong></span> <span class='ocrx_word' id='word_1_175' title='bbox 1993 1869 2007 1917; x_wconf 83' lang='grc' dir='ltr'><strong>ΙΙ</strong></span> 
     </span>
     <span class='ocr_line' id='line_1_24' title="bbox 444 1926 2007 1979; baseline -0.003 -11"><span class='ocrx_word' id='word_1_176' title='bbox 444 1935 465 1969; x_wconf 70' lang='lat'><strong>2</strong></span> <span class='ocrx_word' id='word_1_177' title='bbox 489 1933 652 1979; x_wconf 75' lang='grc' dir='ltr'><strong>διστιχία]</strong></span> <span class='ocrx_word' id='word_1_178' title='bbox 678 1936 848 1977; x_wconf 76' lang='grc' dir='ltr'><strong>διστοιχία</strong></span> <span class='ocrx_word' id='word_1_179' title='bbox 872 1933 908 1968; x_wconf 83' lang='grc' dir='ltr'><strong><em>Α</em></strong></span> <span class='ocrx_word' id='word_1_180' title='bbox 953 1933 966 1978; x_wconf 84' lang='grc' dir='ltr'><strong>ΙΙ</strong></span> <span class='ocrx_word' id='word_1_181' title='bbox 1013 1933 1104 1967; x_wconf 80' lang='lat'><strong>2-3</strong></span> <span class='ocrx_word' id='word_1_182' title='bbox 1130 1934 1201 1967; x_wconf 81' lang='grc' dir='ltr'><strong>ἐστί</strong></span> <span class='ocrx_word' id='word_1_183' title='bbox 1220 1952 1261 1958; x_wconf 92' lang='grc'><strong>-</strong></span> <span class='ocrx_word' id='word_1_184' title='bbox 1281 1934 1343 1977; x_wconf 72' lang='grc' dir='ltr'><strong>μέν</strong></span> <span class='ocrx_word' id='word_1_185' title='bbox 1368 1932 1505 1968; x_wconf 84' lang='lat' dir='ltr'>inserui</span> <span class='ocrx_word' id='word_1_186' title='bbox 1525 1931 1609 1967; x_wconf 86' lang='lat' dir='ltr'>con.</span> <span class='ocrx_word' id='word_1_187' title='bbox 1633 1930 1733 1971; x_wconf 84' lang='lat'><strong>111·3.</strong></span> <span class='ocrx_word' id='word_1_188' title='bbox 1757 1929 1806 1966; x_wconf 86' lang='lat' dir='ltr'><strong>IV</strong></span> <span class='ocrx_word' id='word_1_189' title='bbox 1820 1929 1855 1971; x_wconf 72' lang='grc' dir='ltr'><strong>ὃ.</strong></span> <span class='ocrx_word' id='word_1_190' title='bbox 1878 1927 1911 1964; x_wconf 81' lang='lat' dir='ltr'>V</span> <span class='ocrx_word' id='word_1_191' title='bbox 1928 1927 1971 1964; x_wconf 73' lang='lat'><strong>12</strong></span> <span class='ocrx_word' id='word_1_192' title='bbox 1993 1926 2007 1973; x_wconf 82' lang='grc' dir='ltr'><strong>ΙΙ</strong></span> 
     </span>
     <span class='ocr_line' id='line_1_25' title="bbox 443 1981 2050 2038; baseline -0.002 -13"><span class='ocrx_word' id='word_1_193' title='bbox 443 1995 464 2026; x_wconf 76' lang='grc'><strong>3</strong></span> <span class='ocrx_word' id='word_1_194' title='bbox 490 1995 616 2037; x_wconf 78' lang='grc' dir='ltr'><strong>σχέσιν,</strong></span> <span class='ocrx_word' id='word_1_195' title='bbox 641 1991 700 2038; x_wconf 86' lang='grc' dir='ltr'><strong>τοὶ]</strong></span> <span class='ocrx_word' id='word_1_196' title='bbox 737 1990 912 2036; x_wconf 79' lang='grc' dir='ltr'><strong>σχέσιν.ἂ</strong></span> <span class='ocrx_word' id='word_1_197' title='bbox 937 1989 1010 2026; x_wconf 83' lang='lat' dir='ltr'><strong><em>AB</em></strong></span> <span class='ocrx_word' id='word_1_198' title='bbox 1055 1991 1068 2036; x_wconf 81' lang='grc' dir='ltr'><strong>ΙΙ</strong></span> <span class='ocrx_word' id='word_1_199' title='bbox 1126 1992 1148 2025; x_wconf 84' lang='grc'>6</span> <span class='ocrx_word' id='word_1_200' title='bbox 1179 1993 1250 2026; x_wconf 69' lang='grc' dir='ltr'><strong>Καὶ</strong></span> <span class='ocrx_word' id='word_1_201' title='bbox 1280 1990 1326 2033; x_wconf 90' lang='lat' dir='ltr'><strong><em>A,</em></strong></span> <span class='ocrx_word' id='word_1_202' title='bbox 1363 2002 1435 2026; x_wconf 89' lang='lat' dir='ltr'>orn.</span> <span class='ocrx_word' id='word_1_203' title='bbox 1465 1989 1548 2026; x_wconf 72' lang='lat' dir='ltr'>dett.</span> <span class='ocrx_word' id='word_1_204' title='bbox 1595 1989 1608 2035; x_wconf 84' lang='grc' dir='ltr'><strong>ΙΙ</strong></span> <span class='ocrx_word' id='word_1_205' title='bbox 1655 1987 1721 2023; x_wconf 79' lang='grc' dir='ltr'><strong>ὑπὸ</strong></span> <span class='ocrx_word' id='word_1_206' title='bbox 1754 1988 1840 2034; x_wconf 70' lang='grc' dir='ltr'><strong>(τοῦ</strong></span> <span class='ocrx_word' id='word_1_207' title='bbox 1872 1982 2006 2031; x_wconf 73' lang='grc' dir='ltr'><strong>αὐτοῦ)</strong></span> <span class='ocrx_word' id='word_1_208' title='bbox 2042 1981 2050 1988; x_wconf 76' lang='grc'><strong><em>’</em></strong></span> 
     </span>
     <span class='ocr_line' id='line_1_26' title="bbox 444 2044 2007 2095; baseline -0.003 -11"><span class='ocrx_word' id='word_1_209' title='bbox 444 2046 665 2095; x_wconf 80' lang='grc' dir='ltr'><strong>συστήματος</strong></span> <span class='ocrx_word' id='word_1_210' title='bbox 701 2049 894 2095; x_wconf 90' lang='lat' dir='ltr'>Westphal</span> <span class='ocrx_word' id='word_1_211' title='bbox 943 2049 955 2095; x_wconf 76' lang='grc' dir='ltr'><strong>ὶΙ</strong></span> <span class='ocrx_word' id='word_1_212' title='bbox 1003 2050 1022 2084; x_wconf 94' lang='grc'>7</span> <span class='ocrx_word' id='word_1_213' title='bbox 1059 2051 1175 2093; x_wconf 79' lang='grc' dir='ltr'><strong>σχέσιν</strong></span> <span class='ocrx_word' id='word_1_214' title='bbox 1211 2049 1365 2090; x_wconf 87' lang='lat' dir='ltr'>inserui;</span> <span class='ocrx_word' id='word_1_215' title='bbox 1404 2050 1450 2084; x_wconf 80' lang='lat' dir='ltr'><strong>cf.</strong></span> <span class='ocrx_word' id='word_1_216' title='bbox 1475 2049 1586 2084; x_wconf 82' lang='lat' dir='ltr'>etiam</span> <span class='ocrx_word' id='word_1_217' title='bbox 1610 2047 1718 2083; x_wconf 89' lang='lat' dir='ltr'>Dion.</span> <span class='ocrx_word' id='word_1_218' title='bbox 1742 2045 1830 2082; x_wconf 86' lang='lat' dir='ltr'>Thr.</span> <span class='ocrx_word' id='word_1_219' title='bbox 1866 2055 1902 2091; x_wconf 86' lang='lat' dir='ltr'><strong>p.</strong></span> <span class='ocrx_word' id='word_1_220' title='bbox 1926 2044 1960 2086; x_wconf 82' lang='grc'><strong>9,</strong></span> <span class='ocrx_word' id='word_1_221' title='bbox 1982 2044 2007 2079; x_wconf 81' lang='grc'><strong>5</strong></span> 
     </span>
     <span class='ocr_line' id='line_1_27' title="bbox 444 2103 2008 2153; baseline -0.004 -9"><span class='ocrx_word' id='word_1_222' title='bbox 444 2109 514 2153; x_wconf 73' lang='lat' dir='ltr'><strong>(ed.</strong></span> <span class='ocrx_word' id='word_1_223' title='bbox 540 2108 663 2153; x_wconf 82' lang='lat' dir='ltr'>Uhlig)</span> <span class='ocrx_word' id='word_1_224' title='bbox 700 2107 743 2142; x_wconf 83' lang='grc' dir='ltr'><strong>τά</strong></span> <span class='ocrx_word' id='word_1_225' title='bbox 770 2109 809 2141; x_wconf 79' lang='grc' dir='ltr'><strong>δὲ</strong></span> <span class='ocrx_word' id='word_1_226' title='bbox 835 2104 925 2141; x_wconf 83' lang='grc' dir='ltr'><strong>αὐτοὶ</strong></span> <span class='ocrx_word' id='word_1_227' title='bbox 949 2109 1012 2142; x_wconf 88' lang='grc' dir='ltr'><strong>καί</strong></span> <span class='ocrx_word' id='word_1_228' title='bbox 1038 2111 1192 2152; x_wconf 77' lang='grc' dir='ltr'><strong>στοιχεῖα</strong></span> <span class='ocrx_word' id='word_1_229' title='bbox 1217 2109 1380 2142; x_wconf 82' lang='grc' dir='ltr'><strong>καλεῖται</strong></span> <span class='ocrx_word' id='word_1_230' title='bbox 1405 2107 1461 2142; x_wconf 77' lang='grc' dir='ltr'><strong>διὰ</strong></span> <span class='ocrx_word' id='word_1_231' title='bbox 1498 2107 1537 2141; x_wconf 88' lang='grc' dir='ltr'><strong>τὸ</strong></span> <span class='ocrx_word' id='word_1_232' title='bbox 1563 2108 1657 2151; x_wconf 73' lang='grc' dir='ltr'><strong>ἔχειν</strong></span> <span class='ocrx_word' id='word_1_233' title='bbox 1680 2103 1822 2150; x_wconf 80' lang='grc' dir='ltr'><strong>στοῖχόν</strong></span> <span class='ocrx_word' id='word_1_234' title='bbox 1845 2114 1922 2138; x_wconf 85' lang='grc' dir='ltr'><strong>τινα</strong></span> <span class='ocrx_word' id='word_1_235' title='bbox 1943 2104 2008 2137; x_wconf 70' lang='grc' dir='ltr'><strong>καὶ</strong></span> 
     </span>
     <span class='ocr_line' id='line_1_28' title="bbox 443 2160 2007 2212; baseline -0.003 -12"><span class='ocrx_word' id='word_1_236' title='bbox 443 2166 539 2208; x_wconf 75' lang='grc' dir='ltr'><strong>τάξιν</strong></span> <span class='ocrx_word' id='word_1_237' title='bbox 597 2167 609 2212; x_wconf 76' lang='grc' dir='ltr'>Η</span> <span class='ocrx_word' id='word_1_238' title='bbox 667 2166 783 2201; x_wconf 85' lang='grc'>9-10</span> <span class='ocrx_word' id='word_1_239' title='bbox 819 2165 1002 2201; x_wconf 77' lang='lat' dir='ltr'>intercidit</span> <span class='ocrx_word' id='word_1_240' title='bbox 1038 2165 1236 2211; x_wconf 78' lang='lat' dir='ltr'>descriptio</span> <span class='ocrx_word' id='word_1_241' title='bbox 1268 2167 1336 2200; x_wconf 82' lang='grc' dir='ltr'><strong>τῶν</strong></span> <span class='ocrx_word' id='word_1_242' title='bbox 1366 2162 1654 2210; x_wconf 73' lang='grc' dir='ltr'><strong>ἀπολελυμὲνων,</strong></span> <span class='ocrx_word' id='word_1_243' title='bbox 1694 2162 1797 2199; x_wconf 82' lang='lat' dir='ltr'>euius</span> <span class='ocrx_word' id='word_1_244' title='bbox 1836 2160 2007 2200; x_wconf 81' lang='lat' dir='ltr'>ultimum</span> 
     </span>
     <span class='ocr_line' id='line_1_29' title="bbox 445 2218 2007 2268; baseline -0.002 -10"><span class='ocrx_word' id='word_1_245' title='bbox 445 2224 594 2259; x_wconf 83' lang='lat' dir='ltr'>verbum</span> <span class='ocrx_word' id='word_1_246' title='bbox 622 2223 735 2258; x_wconf 80' lang='lat' dir='ltr'>fuisse</span> <span class='ocrx_word' id='word_1_247' title='bbox 759 2224 1062 2268; x_wconf 69' lang='grc' dir='ltr'><strong>καταμετρεϊσθαι</strong></span> <span class='ocrx_word' id='word_1_248' title='bbox 1092 2222 1270 2268; x_wconf 87' lang='lat' dir='ltr'>suspicor.</span> <span class='ocrx_word' id='word_1_249' title='bbox 1295 2222 1468 2258; x_wconf 84' lang='lat' dir='ltr'>Extrema</span> <span class='ocrx_word' id='word_1_250' title='bbox 1491 2222 1600 2257; x_wconf 86' lang='lat' dir='ltr'>huius</span> <span class='ocrx_word' id='word_1_251' title='bbox 1627 2219 1870 2257; x_wconf 81' lang='lat' dir='ltr'>enarrationis</span> <span class='ocrx_word' id='word_1_252' title='bbox 1893 2218 2007 2256; x_wconf 81' lang='lat' dir='ltr'>verba</span> 
     </span>
     <span class='ocr_line' id='line_1_30' title="bbox 446 2277 2007 2325; baseline -0.002 -9"><span class='ocrx_word' id='word_1_253' title='bbox 446 2283 537 2316; x_wconf 84' lang='lat' dir='ltr'>haec</span> <span class='ocrx_word' id='word_1_254' title='bbox 574 2283 649 2317; x_wconf 84' lang='lat' dir='ltr'>sere</span> <span class='ocrx_word' id='word_1_255' title='bbox 682 2281 795 2316; x_wconf 83' lang='lat' dir='ltr'>ruisse</span> <span class='ocrx_word' id='word_1_256' title='bbox 823 2282 994 2317; x_wconf 84' lang='lat' dir='ltr'>videntur</span> <span class='ocrx_word' id='word_1_257' title='bbox 1018 2281 1163 2316; x_wconf 75' lang='grc' dir='ltr'><strong>δύναται</strong></span> <span class='ocrx_word' id='word_1_258' title='bbox 1187 2283 1227 2315; x_wconf 78' lang='grc' dir='ltr'><strong>δὲ</strong></span> <span class='ocrx_word' id='word_1_259' title='bbox 1251 2280 1334 2315; x_wconf 79' lang='grc' dir='ltr'><strong>οὔτε</strong></span> <span class='ocrx_word' id='word_1_260' title='bbox 1358 2279 1424 2316; x_wconf 78' lang='grc' dir='ltr'><strong>ὑπὸ</strong></span> <span class='ocrx_word' id='word_1_261' title='bbox 1451 2282 1570 2325; x_wconf 75' lang='grc' dir='ltr'><strong>στίχου</strong></span> <span class='ocrx_word' id='word_1_262' title='bbox 1595 2278 1677 2314; x_wconf 77' lang='grc' dir='ltr'><strong>οὔτε</strong></span> <span class='ocrx_word' id='word_1_263' title='bbox 1700 2277 1768 2314; x_wconf 78' lang='grc' dir='ltr'><strong>ὑπὸ</strong></span> <span class='ocrx_word' id='word_1_264' title='bbox 1785 2277 2007 2324; x_wconf 74' lang='grc' dir='ltr'><strong>συστήματος</strong></span> 
     </span>
     <span class='ocr_line' id='line_1_31' title="bbox 443 2332 2007 2386; baseline -0.001 -12"><span class='ocrx_word' id='word_1_265' title='bbox 443 2341 744 2384; x_wconf 69' lang='grc' dir='ltr'><strong>καταμετρεῖσῦαι</strong></span> <span class='ocrx_word' id='word_1_266' title='bbox 779 2342 790 2386; x_wconf 74' lang='grc' dir='ltr'>Η</span> <span class='ocrx_word' id='word_1_267' title='bbox 840 2341 880 2374; x_wconf 83' lang='grc'><strong>11</strong></span> <span class='ocrx_word' id='word_1_268' title='bbox 907 2340 975 2375; x_wconf 91' lang='lat' dir='ltr'>litt.</span> <span class='ocrx_word' id='word_1_269' title='bbox 1002 2341 1044 2373; x_wconf 79' lang='grc' dir='ltr'><strong>ἐκ</strong></span> <span class='ocrx_word' id='word_1_270' title='bbox 1060 2350 1101 2374; x_wconf 91' lang='grc' dir='ltr'><strong>το</strong></span> <span class='ocrx_word' id='word_1_271' title='bbox 1125 2339 1163 2374; x_wconf 89' lang='lat' dir='ltr'><strong>in</strong></span> <span class='ocrx_word' id='word_1_272' title='bbox 1179 2339 1213 2374; x_wconf 87' lang='lat' dir='ltr'><strong><em>A</em></strong></span> <span class='ocrx_word' id='word_1_273' title='bbox 1239 2339 1401 2374; x_wconf 77' lang='lat' dir='ltr'>fenestra</span> <span class='ocrx_word' id='word_1_274' title='bbox 1425 2339 1580 2374; x_wconf 84' lang='lat' dir='ltr'>haustae</span> <span class='ocrx_word' id='word_1_275' title='bbox 1605 2340 1691 2373; x_wconf 82' lang='lat' dir='ltr'>sunt</span> <span class='ocrx_word' id='word_1_276' title='bbox 1724 2336 1737 2382; x_wconf 83' lang='grc' dir='ltr'>Η</span> <span class='ocrx_word' id='word_1_277' title='bbox 1785 2337 1828 2372; x_wconf 77' lang='lat'><strong>12</strong></span> <span class='ocrx_word' id='word_1_278' title='bbox 1851 2332 2007 2382; x_wconf 72' lang='grc' dir='ltr'><strong>ἀρχικῆς</strong></span> 
     </span>
    </p>
   </div>
   <div class='ocr_carea' id='block_1_7' title="bbox 446 2393 2006 2561">
    <p class='ocr_par' dir='ltr' id='par_1_7' title="bbox 446 2393 2006 2561">
     <span class='ocr_line' id='line_1_32' title="bbox 446 2393 2006 2444; baseline -0.001 -12"><span class='ocrx_word' id='word_1_279' title='bbox 446 2398 491 2439; x_wconf 85' lang='grc' dir='ltr'><strong>Α,</strong></span> <span class='ocrx_word' id='word_1_280' title='bbox 528 2396 642 2443; x_wconf 81' lang='grc' dir='ltr'><strong>ἀρχῆς</strong></span> <span class='ocrx_word' id='word_1_281' title='bbox 677 2398 714 2434; x_wconf 92' lang='grc' dir='ltr'><strong><em>Β</em></strong></span> <span class='ocrx_word' id='word_1_282' title='bbox 783 2398 795 2443; x_wconf 82' lang='lat' dir='ltr'><strong>ll</strong></span> <span class='ocrx_word' id='word_1_283' title='bbox 870 2399 912 2433; x_wconf 74' lang='grc'><strong>14-</strong></span> <span class='ocrx_word' id='word_1_284' title='bbox 948 2397 1005 2444; x_wconf 79' lang='grc' dir='ltr'><strong>ὲκ]</strong></span> <span class='ocrx_word' id='word_1_285' title='bbox 1047 2400 1111 2432; x_wconf 72' lang='grc' dir='ltr'><strong>καὶ</strong></span> <span class='ocrx_word' id='word_1_286' title='bbox 1146 2398 1181 2432; x_wconf 84' lang='grc' dir='ltr'><strong><em>Α</em></strong></span> <span class='ocrx_word' id='word_1_287' title='bbox 1239 2398 1243 2443; x_wconf 68' lang='lat' dir='ltr'><strong>j</strong></span> <span class='ocrx_word' id='word_1_288' title='bbox 1313 2398 1355 2432; x_wconf 91' lang='lat'><strong>16</strong></span> <span class='ocrx_word' id='word_1_289' title='bbox 1392 2394 1476 2432; x_wconf 72' lang='grc' dir='ltr'><strong>οὐδὲ</strong></span> <span class='ocrx_word' id='word_1_290' title='bbox 1509 2397 1563 2440; x_wconf 84' lang='lat' dir='ltr'><strong><em>A,</em></strong></span> <span class='ocrx_word' id='word_1_291' title='bbox 1599 2395 1682 2431; x_wconf 75' lang='grc' dir='ltr'><strong>οὔτε</strong></span> <span class='ocrx_word' id='word_1_292' title='bbox 1715 2394 1754 2431; x_wconf 91' lang='grc' dir='ltr'><strong><em>Β</em></strong></span> <span class='ocrx_word' id='word_1_293' title='bbox 1809 2393 1823 2442; x_wconf 75' lang='lat' dir='ltr'>ss</span> <span class='ocrx_word' id='word_1_294' title='bbox 1881 2402 2006 2441; x_wconf 75' lang='grc' dir='ltr'><strong>συστη-</strong></span> 
     </span>
     <span class='ocr_line' id='line_1_33' title="bbox 446 2451 2006 2502; baseline -0.001 -12"><span class='ocrx_word' id='word_1_295' title='bbox 446 2457 577 2499; x_wconf 84' lang='grc' dir='ltr'><strong>ματικοί</strong></span> <span class='ocrx_word' id='word_1_296' title='bbox 602 2455 693 2499; x_wconf 83' lang='lat' dir='ltr'><strong>AM,</strong></span> <span class='ocrx_word' id='word_1_297' title='bbox 729 2457 825 2491; x_wconf 79' lang='grc' dir='ltr'><strong>κατὰ</strong></span> <span class='ocrx_word' id='word_1_298' title='bbox 850 2456 1055 2501; x_wconf 83' lang='grc' dir='ltr'><strong>συστήματα</strong></span> <span class='ocrx_word' id='word_1_299' title='bbox 1078 2455 1160 2492; x_wconf 80' lang='lat' dir='ltr'><strong>dett.</strong></span> <span class='ocrx_word' id='word_1_300' title='bbox 1207 2455 1219 2502; x_wconf 80' lang='grc' dir='ltr'>Η</span> <span class='ocrx_word' id='word_1_301' title='bbox 1266 2454 1463 2501; x_wconf 80' lang='grc' dir='ltr'><strong>Μαργίτης]</strong></span> <span class='ocrx_word' id='word_1_302' title='bbox 1488 2457 1691 2500; x_wconf 78' lang='grc' dir='ltr'><strong>Μαργείτης</strong></span> <span class='ocrx_word' id='word_1_303' title='bbox 1718 2453 1754 2489; x_wconf 88' lang='lat' dir='ltr'><strong><em>A</em></strong></span> <span class='ocrx_word' id='word_1_304' title='bbox 1785 2456 1823 2489; x_wconf 86' lang='lat' dir='ltr'><strong>et</strong></span> <span class='ocrx_word' id='word_1_305' title='bbox 1852 2451 2006 2490; x_wconf 66' lang='lat' dir='ltr'><strong>&#39;rutae-</strong></span> 
     </span>
     <span class='ocr_line' id='line_1_34' title="bbox 447 2514 1106 2561; baseline -0.002 -13"><span class='ocrx_word' id='word_1_306' title='bbox 447 2515 528 2549; x_wconf 81' lang='lat' dir='ltr'>ioco</span> <span class='ocrx_word' id='word_1_307' title='bbox 555 2515 648 2550; x_wconf 84' lang='lat' dir='ltr'>infra</span> <span class='ocrx_word' id='word_1_308' title='bbox 673 2515 787 2550; x_wconf 84' lang='lat' dir='ltr'>allato</span> <span class='ocrx_word' id='word_1_309' title='bbox 834 2515 847 2561; x_wconf 72' lang='lat'><strong>11</strong></span> <span class='ocrx_word' id='word_1_310' title='bbox 897 2515 940 2550; x_wconf 83' lang='lat'><strong>18</strong></span> <span class='ocrx_word' id='word_1_311' title='bbox 961 2517 1036 2549; x_wconf 81' lang='grc' dir='ltr'><strong>ἴσον</strong></span> <span class='ocrx_word' id='word_1_312' title='bbox 1060 2514 1106 2549; x_wconf 87' lang='lat' dir='ltr'><strong>A.</strong></span> 
     </span>
    </p>
   </div>
   <div class='ocr_carea' id='block_1_8' title="bbox 511 2598 713 2605">
    <p class='ocr_par' dir='ltr' id='par_1_8' title="bbox 511 2598 713 2605">
     <span class='ocr_line' id='line_1_35' title="bbox 511 2598 713 2605; baseline 0 0"><span class='ocrx_word' id='word_1_313' title='bbox 511 2598 713 2605; x_wconf 95' lang='lat' dir='ltr'><strong> </strong></span> 
     </span>
    </p>
   </div>
   <div class='ocr_carea' id='block_1_9' title="bbox 444 2637 2006 3036">
    <p class='ocr_par' dir='ltr' id='par_1_9' title="bbox 444 2637 2006 3036">
     <span class='ocr_line' id='line_1_36' title="bbox 562 2637 2006 2688; baseline -0.003 -11"><span class='ocrx_word' id='word_1_314' title='bbox 562 2643 802 2688; x_wconf 76' lang='lat' dir='ltr'>Testiniouia]</span> <span class='ocrx_word' id='word_1_315' title='bbox 854 2643 988 2677; x_wconf 76' lang='lat'>14—19</span> <span class='ocrx_word' id='word_1_316' title='bbox 1012 2642 1058 2677; x_wconf 89' lang='lat' dir='ltr'><strong>Is.</strong></span> <span class='ocrx_word' id='word_1_317' title='bbox 1083 2642 1205 2678; x_wconf 85' lang='lat' dir='ltr'>Tzetz.</span> <span class='ocrx_word' id='word_1_318' title='bbox 1233 2654 1265 2688; x_wconf 88' lang='lat' dir='ltr'><strong>p.</strong></span> <span class='ocrx_word' id='word_1_319' title='bbox 1291 2643 1346 2683; x_wconf 72' lang='lat'><strong>64,</strong></span> <span class='ocrx_word' id='word_1_320' title='bbox 1375 2643 1510 2678; x_wconf 88' lang='lat'>10—16</span> <span class='ocrx_word' id='word_1_321' title='bbox 1533 2641 1639 2685; x_wconf 78' lang='grc' dir='ltr'><strong>’Ἀπερ</strong></span> <span class='ocrx_word' id='word_1_322' title='bbox 1664 2642 1705 2675; x_wconf 68' lang='grc' dir='ltr'><strong>δέ</strong></span> <span class='ocrx_word' id='word_1_323' title='bbox 1729 2641 1845 2685; x_wconf 68' lang='grc' dir='ltr'><strong>μάτρῳ</strong></span> <span class='ocrx_word' id='word_1_324' title='bbox 1879 2637 2006 2684; x_wconf 69' lang='grc' dir='ltr'><strong>(μέτρα</strong></span> 
     </span>
     <span class='ocr_line' id='line_1_37' title="bbox 444 2695 2006 2747; baseline -0.002 -13"><span class='ocrx_word' id='word_1_325' title='bbox 444 2699 552 2746; x_wconf 82' lang='lat' dir='ltr'><strong><em>codd.)</em></strong></span> <span class='ocrx_word' id='word_1_326' title='bbox 588 2704 786 2746; x_wconf 77' lang='grc' dir='ltr'><strong>γέγραπταί</strong></span> <span class='ocrx_word' id='word_1_327' title='bbox 820 2713 882 2735; x_wconf 88' lang='grc' dir='ltr'><strong>τινι</strong></span> <span class='ocrx_word' id='word_1_328' title='bbox 918 2698 958 2735; x_wconf 71' lang='grc' dir='ltr'><strong>ού</strong></span> <span class='ocrx_word' id='word_1_329' title='bbox 996 2703 1196 2745; x_wconf 79' lang='grc' dir='ltr'><strong>τεταγμένῳ</strong></span> <span class='ocrx_word' id='word_1_330' title='bbox 1270 2702 1275 2747; x_wconf 83' lang='grc' dir='ltr'>Ι</span> <span class='ocrx_word' id='word_1_331' title='bbox 1350 2698 1417 2736; x_wconf 79' lang='grc' dir='ltr'><strong>οὐκ</strong></span> <span class='ocrx_word' id='word_1_332' title='bbox 1453 2698 1693 2744; x_wconf 74' lang='grc' dir='ltr'><strong>ἀνακύκλησίν</strong></span> <span class='ocrx_word' id='word_1_333' title='bbox 1726 2708 1804 2733; x_wconf 83' lang='grc' dir='ltr'><strong>τινα</strong></span> <span class='ocrx_word' id='word_1_334' title='bbox 1838 2695 2006 2742; x_wconf 75' lang='grc' dir='ltr'><strong>οὖμινουν</strong></span> 
     </span>
     <span class='ocr_line' id='line_1_38' title="bbox 445 2753 2006 2807; baseline -0.003 -14"><span class='ocrx_word' id='word_1_335' title='bbox 445 2762 657 2803; x_wconf 83' lang='grc' dir='ltr'><strong>κεκτημένα,</strong></span> <span class='ocrx_word' id='word_1_336' title='bbox 708 2760 714 2807; x_wconf 81' lang='grc' dir='ltr'>Ι</span> <span class='ocrx_word' id='word_1_337' title='bbox 764 2757 831 2803; x_wconf 77' lang='grc' dir='ltr'><strong>οὐχ</strong></span> <span class='ocrx_word' id='word_1_338' title='bbox 855 2758 1048 2804; x_wconf 80' lang='grc' dir='ltr'><strong>ὁμοιότητά</strong></span> <span class='ocrx_word' id='word_1_339' title='bbox 1084 2770 1160 2793; x_wconf 90' lang='grc' dir='ltr'><strong>τινα</strong></span> <span class='ocrx_word' id='word_1_340' title='bbox 1191 2759 1280 2802; x_wconf 85' lang='grc' dir='ltr'><strong>πρὸς</strong></span> <span class='ocrx_word' id='word_1_341' title='bbox 1304 2758 1447 2804; x_wconf 81' lang='grc' dir='ltr'><strong>οἷλληλοί</strong></span> <span class='ocrx_word' id='word_1_342' title='bbox 1473 2770 1512 2793; x_wconf 84' lang='grc' dir='ltr'><strong>τε</strong></span> <span class='ocrx_word' id='word_1_343' title='bbox 1536 2757 1667 2802; x_wconf 86' lang='grc' dir='ltr'><strong>σχόντα</strong></span> <span class='ocrx_word' id='word_1_344' title='bbox 1716 2756 1723 2803; x_wconf 91' lang='grc' dir='ltr'>Ι</span> <span class='ocrx_word' id='word_1_345' title='bbox 1770 2757 1835 2791; x_wconf 82' lang='grc' dir='ltr'><strong>καί</strong></span> <span class='ocrx_word' id='word_1_346' title='bbox 1857 2753 2006 2799; x_wconf 65' lang='grc' dir='ltr'><strong>μστρικά</strong></span> 
     </span>
     <span class='ocr_line' id='line_1_39' title="bbox 445 2809 2006 2862; baseline -0.003 -11"><span class='ocrx_word' id='word_1_347' title='bbox 445 2820 508 2851; x_wconf 74' lang='grc' dir='ltr'><strong>καὶ</strong></span> <span class='ocrx_word' id='word_1_348' title='bbox 544 2816 683 2852; x_wconf 82' lang='grc' dir='ltr'><strong>ἄτακτα</strong></span> <span class='ocrx_word' id='word_1_349' title='bbox 718 2819 912 2851; x_wconf 74' lang='grc' dir='ltr'><strong>καλοῦνται</strong></span> <span class='ocrx_word' id='word_1_350' title='bbox 947 2817 1045 2860; x_wconf 76' lang='grc' dir='ltr'><strong>παρὰ</strong></span> <span class='ocrx_word' id='word_1_351' title='bbox 1081 2819 1199 2851; x_wconf 83' lang='grc' dir='ltr'><strong>πᾶσιν·</strong></span> <span class='ocrx_word' id='word_1_352' title='bbox 1252 2817 1258 2862; x_wconf 90' lang='grc' dir='ltr'>Ι</span> <span class='ocrx_word' id='word_1_353' title='bbox 1308 2815 1355 2859; x_wconf 83' lang='grc' dir='ltr'><strong>ὥς</strong></span> <span class='ocrx_word' id='word_1_354' title='bbox 1392 2818 1514 2858; x_wconf 71' lang='grc' dir='ltr'><strong>ἔταξεν</strong></span> <span class='ocrx_word' id='word_1_355' title='bbox 1547 2815 1566 2850; x_wconf 84' lang='grc' dir='ltr'>ὁ</span> <span class='ocrx_word' id='word_1_356' title='bbox 1592 2813 1741 2860; x_wconf 77' lang='grc' dir='ltr'><strong>ποιητής</strong></span> <span class='ocrx_word' id='word_1_357' title='bbox 1765 2814 1801 2848; x_wconf 80' lang='grc' dir='ltr'><strong>ὲν</strong></span> <span class='ocrx_word' id='word_1_358' title='bbox 1823 2811 1872 2858; x_wconf 74' lang='grc' dir='ltr'><strong>τῷ</strong></span> <span class='ocrx_word' id='word_1_359' title='bbox 1897 2809 2006 2847; x_wconf 76' lang='grc' dir='ltr'><strong>αὐτοῦ</strong></span> 
     </span>
     <span class='ocr_line' id='line_1_40' title="bbox 446 2866 2006 2921; baseline -0.003 -12"><span class='ocrx_word' id='word_1_360' title='bbox 446 2877 638 2919; x_wconf 78' lang='grc' dir='ltr'><strong>Μαργείτῃ,</strong></span> <span class='ocrx_word' id='word_1_361' title='bbox 689 2876 694 2921; x_wconf 90' lang='grc' dir='ltr'>Ι</span> <span class='ocrx_word' id='word_1_362' title='bbox 745 2878 780 2909; x_wconf 83' lang='grc' dir='ltr'><strong>ἐν</strong></span> <span class='ocrx_word' id='word_1_363' title='bbox 805 2875 833 2919; x_wconf 83' lang='grc' dir='ltr'>ᾧ</span> <span class='ocrx_word' id='word_1_364' title='bbox 857 2880 929 2917; x_wconf 84' lang='grc' dir='ltr'><strong>τοῖς</strong></span> <span class='ocrx_word' id='word_1_365' title='bbox 955 2877 1071 2909; x_wconf 76' lang='grc' dir='ltr'><strong>ἔπεσίν</strong></span> <span class='ocrx_word' id='word_1_366' title='bbox 1095 2887 1171 2909; x_wconf 84' lang='grc' dir='ltr'><strong>τινα</strong></span> <span class='ocrx_word' id='word_1_367' title='bbox 1197 2876 1342 2919; x_wconf 78' lang='grc' dir='ltr'><strong>ἰαμβικοὶ</strong></span> <span class='ocrx_word' id='word_1_368' title='bbox 1367 2877 1535 2918; x_wconf 81' lang='grc' dir='ltr'><strong>τελοῦσιν,</strong></span> <span class='ocrx_word' id='word_1_369' title='bbox 1586 2874 1592 2920; x_wconf 86' lang='grc' dir='ltr'>Ι</span> <span class='ocrx_word' id='word_1_370' title='bbox 1642 2869 1719 2907; x_wconf 78' lang='grc' dir='ltr'>ἀλλ’</span> <span class='ocrx_word' id='word_1_371' title='bbox 1747 2867 1789 2906; x_wconf 80' lang='grc' dir='ltr'><strong>οὔ</strong></span> <span class='ocrx_word' id='word_1_372' title='bbox 1820 2866 1904 2906; x_wconf 81' lang='grc' dir='ltr'><strong>κατ’</strong></span> <span class='ocrx_word' id='word_1_373' title='bbox 1931 2873 2006 2906; x_wconf 80' lang='grc' dir='ltr'><strong>ἴσον</strong></span> 
     </span>
     <span class='ocr_line' id='line_1_41' title="bbox 447 2929 2004 2977; baseline -0.001 -11"><span class='ocrx_word' id='word_1_374' title='bbox 447 2932 605 2976; x_wconf 78' lang='grc' dir='ltr'><strong>σύστημα</strong></span> <span class='ocrx_word' id='word_1_375' title='bbox 630 2930 670 2966; x_wconf 72' lang='grc' dir='ltr'><strong>ού</strong></span> <span class='ocrx_word' id='word_1_376' title='bbox 697 2933 785 2976; x_wconf 86' lang='grc' dir='ltr'><strong>μετοὶ</strong></span> <span class='ocrx_word' id='word_1_377' title='bbox 809 2933 999 2974; x_wconf 80' lang='grc' dir='ltr'><strong>τοσούτους</strong></span> <span class='ocrx_word' id='word_1_378' title='bbox 1024 2936 1179 2977; x_wconf 78' lang='grc' dir='ltr'><strong>στίχους;</strong></span> <span class='ocrx_word' id='word_1_379' title='bbox 1212 2934 1256 2968; x_wconf 84' lang='lat' dir='ltr'><strong>cf.</strong></span> <span class='ocrx_word' id='word_1_380' title='bbox 1283 2933 1392 2968; x_wconf 81' lang='lat' dir='ltr'>etiam</span> <span class='ocrx_word' id='word_1_381' title='bbox 1418 2932 1534 2968; x_wconf 84' lang='lat' dir='ltr'><strong>schol.</strong></span> <span class='ocrx_word' id='word_1_382' title='bbox 1559 2931 1677 2976; x_wconf 86' lang='lat' dir='ltr'>Heph.</span> <span class='ocrx_word' id='word_1_383' title='bbox 1703 2941 1737 2975; x_wconf 88' lang='lat' dir='ltr'><strong>p.</strong></span> <span class='ocrx_word' id='word_1_384' title='bbox 1762 2929 1827 2965; x_wconf 74' lang='grc' dir='ltr'><strong>ΧΠ</strong></span> <span class='ocrx_word' id='word_1_385' title='bbox 1854 2930 1894 2965; x_wconf 88' lang='lat'><strong>11</strong></span> <span class='ocrx_word' id='word_1_386' title='bbox 1922 2939 2004 2976; x_wconf 80' lang='lat' dir='ltr'><strong>sqq.</strong></span> 
     </span>
     <span class='ocr_line' id='line_1_42' title="bbox 447 2991 676 3036; baseline 0 -11"><span class='ocrx_word' id='word_1_387' title='bbox 447 2991 676 3036; x_wconf 81' lang='lat' dir='ltr'>exscriptum.</span> 
     </span>
    </p>
   </div>
   <div class='ocr_carea' id='block_1_10' title="bbox 2128 1800 2196 3438">
    <p class='ocr_par' dir='ltr' id='par_1_10' title="bbox 2128 1800 2196 3438">
     <span class='ocr_line' id='line_1_43' title="bbox 2128 1800 2196 3438; baseline 0 0"><span class='ocrx_word' id='word_1_388' title='bbox 2128 1800 2196 3438; x_wconf 95' lang='lat' dir='ltr'><strong> </strong></span> 
     </span>
    </p>
   </div>
  </div>
 </body>
</html>
