2196 3438
1197 331 1252 379 52

448 477 602 534 μικτοίς
637 476 966 532 συστηματικοτς,
1007 471 1070 517 sic
1106 486 1160 518 eo
1195 474 1250 518 de
1286 488 1373 530 quo
1418 470 1563 529 agitur
1595 470 1697 518 loco
1728 472 1921 532 scriptor
1949 485 2000 520 se

446 559 575 588 suam
606 546 745 600 ipsius
776 543 1035 598 opinionem
1067 543 1233 587 referre
1260 544 1427 587 diserte
1456 542 1701 598 profitetur.

560 614 681 657 Haec
720 616 824 656 sunt
862 612 1128 666 gravissima
1166 626 1279 668 quae
1317 614 1375 656 ab
1423 615 1686 667 excerptore
1722 616 1893 658 mutata
1927 613 1998 658 vel

445 684 596 726 addita
617 695 717 726 esse
738 694 915 725 censeo.
969 681 1018 724 In
1040 682 1347 725 commentarii
1372 682 1570 725 editione
1598 694 1651 725 ea
1670 683 1844 726 tantum
1862 681 1999 726 verba

445 755 577 807 atque
622 751 851 794 enuntiata
894 749 1055 793 litteris
1102 750 1353 794 minorihus
1399 750 1627 794 exaranda
1671 750 1839 804 curavi,
1884 762 1998 807 qnae

446 822 586 875 ipsam
619 820 889 863 sententiam
919 822 1180 874 pervertens
1211 819 1397 863 addidit.
1458 819 1667 863 Minutias
1707 830 1818 876 quas
1848 819 1898 864 in
1924 831 1998 875 ge·

445 903 551 932 nere
590 889 766 932 dicendi
805 888 992 931 mutavit
1030 888 1075 931 in
1115 888 1214 943 ipsa
1250 889 1448 932 editione
1478 888 1594 944 typis
1625 888 1875 944 exprimere
1904 901 1996 933 non

444 972 497 1001 ex
529 971 576 1000 re
606 958 852 1001 videbatur.

557 1027 646 1069 Pro
677 1027 810 1069 unico
843 1026 966 1069 fonte
996 1039 1105 1069 usus
1136 1039 1239 1069 esse
1268 1026 1444 1070 videtur
1474 1029 1710 1082 excerptor
1739 1026 1891 1070 libello
1918 1025 1997 1070 illo

443 1096 818 1150 Hephaestionem,
850 1108 982 1150 quem
1014 1094 1356 1139 Choeroboscus
1387 1098 1722 1139 commemorat.
1779 1095 1883 1151 Ipsa
1907 1095 1998 1139 He·

443 1164 721 1219 phaestionis
759 1164 896 1207 verba
942 1164 988 1207 in
1027 1163 1285 1207 universum
1330 1177 1423 1206 non
1462 1177 1591 1207 secus
1628 1165 1675 1208 in
1707 1176 1836 1207 suum
1863 1175 1997 1208 usum

443 1233 622 1276 deflexit
642 1236 775 1288 atque
797 1232 1157 1285 Choeroboscus‚
1179 1232 1254 1288 qui
1276 1232 1410 1275 etiam
1432 1233 1478 1275 in
1507 1233 1730 1277 lemmatis
1758 1235 1810 1277 ut
1837 1232 1901 1277 ita
1930 1231 1998 1275 di·

442 1315 538 1345 cam
570 1315 683 1357 quae
713 1315 768 1344 ex
799 1301 1050 1344 enchiridio
1082 1301 1331 1356 desumpsit
1369 1302 1565 1345 auctoris
1595 1303 1732 1346 verba
1760 1301 1997 1346 immutare

440 1384 532 1413 non
570 1371 820 1414 haesitavit.
887 1370 1029 1422 Quale
1067 1370 1199 1413 fuerit
1236 1370 1513 1424 excerptoris
1558 1371 1786 1426 ingenium
1830 1382 1886 1414 ex
1929 1369 1996 1413 eis

440 1454 552 1495 quae
582 1440 769 1483 mutavit
799 1440 967 1495 optime
997 1442 1196 1494 apparet.
1257 1438 1481 1491 Quoniam
1513 1439 1717 1483 codicum
1738 1441 1995 1483 nostrorum

438 1509 703 1564 archetypus
743 1509 905 1551 litteris
945 1509 1205 1552 maiusculis
1236 1511 1443 1552 exaratus
1474 1510 1583 1562 erat,
1622 1512 1792 1552 certum
1822 1511 1892 1552 est
1918 1520 1996 1552 ex-

440 1582 690 1633 cerptorem
729 1591 822 1621 non
860 1591 960 1621 esse
999 1578 1296 1621 recentiorem
1335 1591 1457 1621 nono
1494 1579 1564 1621 vel
1595 1578 1770 1621 decimo
1801 1577 1995 1621 saeculo.

437 1647 728 1690 Accuratiora
764 1647 966 1702 proferre
1004 1660 1097 1690 non
1135 1646 1252 1698 licet,
1292 1647 1493 1702 quamvis
1534 1660 1634 1690 eum
1675 1646 1995 1690 Choerobosco

438 1720 583 1760 aetate
615 1729 851 1771 supparem
886 1716 1023 1759 fuisse
1054 1716 1184 1759 facile
1215 1716 1475 1759 conieceris.

1171 1877 1196 1933 g
1225 1877 1264 1919 5.

806 1969 865 2014 De
893 1971 1090 2014 notarum
1117 1969 1386 2014 metricarmn
1415 1969 1621 2014 doctrina.

551 2062 614 2105 De
653 2062 810 2106 ultimo
851 2061 1161 2105 commentarii
1194 2062 1229 2104 Π
1268 2061 1425 2116 capite,
1472 2061 1592 2116 quod
1638 2061 1758 2104 notis
1795 2061 1993 2105 metricis

437 2133 650 2175 tributum
684 2135 765 2184 est,
797 2131 949 2174 dedita
979 2144 1115 2186 opera
1145 2131 1358 2174 disseruit
1389 2131 1512 2173 solus
1543 2131 1756 2174 Osannus
1793 2131 1841 2174 in
1871 2143 1993 2174 com·

439 2201 670 2244 mentariis
722 2201 956 2244 Anecdoto
1010 2201 1217 2243 Romano
1270 2200 1458 2243 adnexis
1511 2199 1697 2255 (Anecd.
1748 2200 1879 2244 Rom.
1923 2200 1991 2244 ed.

436 2271 481 2313 F.
540 2271 718 2323 Osann,
778 2270 935 2313 Gissae
1002 2270 1132 2322 1851,
1195 2283 1238 2324 p.
1284 2270 1338 2313 57
1354 2270 1519 2324 —65)‚
1578 2269 1797 2312 nonnulla
1846 2268 1994 2312 attulit

437 2340 744 2383 Thiemannus
785 2340 830 2382 in
875 2339 1105 2382 Heliodori
1149 2339 1436 2382 colometriae
1480 2339 1839 2394 Aristophaneae
1890 2338 1989 2382 reli—

436 2410 551 2464 quiis
590 2409 732 2463 (Halis
767 2409 893 2463 1869)
922 2423 965 2463 p.
1002 2409 1056 2451 95
1089 2422 1199 2463 sqq„
1229 2409 1358 2463 plura
1386 2408 1582 2451 Hensius
1612 2408 1638 2450 l.
1661 2420 1696 2450 c.
1734 2420 1778 2463 p.
1809 2406 1991 2459 35-71‚

437 2491 535 2520 cum
560 2478 876 2520 Heliodoream
906 2477 961 2520 de
991 2478 1111 2520 notis
1137 2477 1389 2520 doctrinam
1406 2477 1694 2532 explicarent,
1714 2476 1803 2520 alia
1819 2475 1991 2532 passim

438 2547 834 2602 suppeditaverunt
870 2547 1199 2602 Westphalius‚
1240 2546 1465 2589 Christius
1502 2546 1591 2589 alii.
1657 2546 1849 2589 Restant
1884 2557 1991 2588 vero

437 2629 547 2670 quae
578 2619 653 2659 aut
683 2629 842 2670 parum
873 2618 1079 2659 accurate
1109 2619 1185 2659 aut
1213 2629 1372 2671 parum
1404 2618 1525 2658 recte
1556 2615 1778 2658 illustrata
1807 2614 1911 2657 sint.

547 2685 701 2739 Lyrica
732 2685 931 2727 carmina
962 2686 1183 2740 duplicem
1214 2685 1261 2727 in
1293 2684 1476 2728 modum
1507 2683 1719 2727 distincta
1750 2696 1848 2727 esse
1882 2695 1991 2738 pos-

436 2760 548 2795 sunt.
607 2754 696 2796 Aut
732 2755 1059 2808 monostropha
1090 2757 1208 2806 sunt,
1247 2767 1347 2796 cum
1378 2753 1483 2795 inde
1513 2754 1569 2795 ab
1601 2752 1732 2795 initio
1761 2765 1903 2807 usque
1931 2752 1990 2795 ad

435 2823 565 2865 finem
595 2836 725 2876 pares
758 2823 970 2878 strophae
1002 2836 1102 2866 sese
1134 2824 1478 2878 subsequantur,
1509 2824 1585 2864 aut
1614 2819 1725 2863 κατὰ
1745 2817 1990 2877 περικοπήν,

435 2904 535 2933 cum
557 2892 756 2945 singulae
777 2892 989 2946 strophae
1010 2895 1143 2947 atque
1164 2892 1474 2946 antistrophae
1495 2890 1682 2945 singulis
1711 2889 1990 2944 excipiantur

437 2960 606 3014 epodiS.
666 2961 906 3016 Utriusque
939 2961 1187 3004 carminum
1218 2961 1395 3016 generis
1425 2959 1665 3014 peculiaris
1704 2962 1773 3002 est
1802 2959 1989 3003 notatio.

436 3029 483 3070 In
516 3029 854 3082 monostrophis
886 3029 1071 3083 singulis
1104 3029 1302 3084 strophis
1331 3028 1610 3071 subiciuntur
1630 3026 1831 3082 singulae
1856 3040 1989 3082 para-
