2196 3438
1185 301 1240 342 56

438 437 716 481 reconciliari
764 451 863 481 cum
910 451 993 481 usu
1039 437 1084 481 in
1127 438 1419 483 Aristarchea
1462 438 1615 484 Alcaei
1665 440 1862 487 editione
1900 442 1993 487 ob-

437 509 612 549 servato
636 507 835 550 vidimus
896 507 954 549 At
980 506 1255 562 Hephaestio
1285 508 1395 563 ipse,
1427 520 1529 552 cum
1555 511 1601 552 et
1622 509 1993 556 consuetudinem

434 574 655 629 quandam
710 575 913 618 asterisci
960 576 1207 631 usurpandi
1246 576 1367 620 dicat
1407 579 1451 620 et
1494 577 1674 623 unicam
1708 579 1863 624 Alcaei
1897 580 1994 626 edi-

434 642 602 686 tionem
635 644 849 698 significet
890 643 1038 687 verbis
1078 644 1146 687 ἐπὶ
1183 645 1231 687 δὲ
1266 645 1347 688 τῶν
1384 642 1580 688 Ἀλκαίου
1625 645 1735 699 ἰδίως
1775 647 1888 704 κτλ,
1926 648 1994 694 di-

429 725 606 755 versam
647 713 784 755 fuisse
823 713 1007 757 notandi
1047 714 1267 758 rationem
1308 717 1352 758 et
1382 714 1501 770 apud
1532 715 1735 761 diversos
1764 717 1890 774 lyrici
1916 730 1994 773 ge-

437 781 556 823 neris
594 785 748 835 poetas
789 785 831 824 et
870 796 897 825 a
936 782 1125 826 diversis
1163 783 1483 839 interpretibus
1522 784 1678 829 initam
1715 788 1877 832 auctor
1910 789 1994 831 est.

434 850 556 902 Quae
588 864 687 894 cum
720 852 781 894 ita
811 851 915 904 sint,
946 851 1039 895 veri
1067 852 1116 895 fit
1146 852 1422 897 simillimum
1454 854 1590 898 verba
1622 868 1667 910 p.
1694 854 1835 900 XXlX
1853 854 1990 900 3-11

433 919 638 974 primitus
667 919 724 962 ad
752 933 889 962 unum
928 920 1200 975 pertinuisse
1230 924 1424 977 poetam,
1454 923 1573 977 apud
1603 936 1735 978 quem
1765 926 1811 968 et
1836 936 1996 969 mono-

435 988 621 1042 stropha
658 991 701 1031 et
739 988 926 1043 epodica
956 989 1422 1045 deprehendebantur.
1493 991 1771 1047 Hephaestio
1815 992 1997 1039 demum

434 1060 672 1112 praecepta
711 1058 786 1100 illa
832 1058 887 1100 de
934 1059 1144 1103 omnibus
1184 1059 1385 1103 omnium
1430 1063 1665 1115 poetarum
1719 1061 1994 1108 carminibus

432 1126 580 1169 valere
610 1126 761 1179 voluit,
793 1139 893 1170 cum
925 1128 971 1171 id
999 1131 1165 1184 ageret,
1195 1131 1244 1173 ut
1274 1129 1525 1184 simplicem
1555 1132 1600 1174 et
1634 1143 1774 1175 unum
1804 1130 1994 1176 notandi

433 1208 561 1238 usum
603 1196 646 1237 in
686 1195 895 1239 omnibus
933 1197 1080 1251 poetis
1120 1197 1289 1253 pariter
1325 1198 1382 1242 ab
1421 1198 1631 1243 omnibus
1669 1199 1995 1256 interpretibus

434 1265 764 1308 observandum
817 1268 1045 1310 statueret.
1127 1267 1277 1310 Facile
1329 1267 1634 1323 suspicionem
1687 1269 1882 1315 moveris
1940 1269 1998 1314 de

433 1334 639 1376 Dracone
670 1335 1014 1387 Stratonicensi,
1054 1336 1134 1379 sed
1170 1349 1243 1379 res
1283 1339 1352 1379 est
1390 1349 1443 1380 ea
1482 1336 1528 1380 in
1565 1349 1651 1392 qua
1686 1340 1757 1382 sat
1794 1337 1854 1383 sit
1882 1337 1998 1383 iudi-³

434 1402 548 1445 cium
580 1402 803 1446 cohibere.

547 1472 595 1514 In
641 1472 840 1516 carmine
878 1473 1114 1517 Alcmanio
1161 1487 1217 1517 ex
1255 1474 1612 1530 quattuordecim
1652 1474 1853 1532 strophis
1889 1486 1999 1519 con-

436 1544 582 1583 stante
622 1541 773 1596 diplen
813 1542 859 1584 in
899 1542 997 1597 ipsa
1035 1543 1231 1599 rhythmi
1259 1543 1591 1598 permutatione
1634 1543 1833 1600 positam
1861 1542 1999 1594 misse

433 1623 589 1664 parum
620 1613 739 1653 recte
767 1611 880 1654 dixit
900 1612 1207 1667 Westphalius
1239 1613 1444 1668 (Allgem.
1465 1613 1590 1657 Metr.
1618 1612 1810 1669 8]>.193).
1857 1612 1998 1657 Immo

433 1679 658 1733 prioribus
698 1683 869 1735 septem
918 1681 1119 1736 strophis
1159 1682 1422 1725 subiunctae
1462 1685 1591 1726 erant
1629 1682 1832 1738 singulae
1866 1694 1999 1737 para·

439 1748 609 1803 graphi,
641 1748 970 1803 posterioribus
1003 1750 1204 1806 singulae
1235 1751 1397 1807 diplae,
1429 1751 1474 1794 id
1505 1751 1626 1806 quod
1655 1751 1745 1796 iam
1771 1750 2002 1807 perspexit

436 1818 578 1872 Bergk
607 1818 714 1861 PLG
747 1818 826 1861 111⁴
855 1833 898 1874 p.
929 1820 1111 1863 26—28.

550 1887 597 1928 In
628 1887 875 1931 fabularum
905 1889 1139 1932 notatione
1169 1901 1281 1944 quae
1313 1889 1368 1933 de
1401 1889 1630 1932 coronidis
1660 1902 1745 1933 usu
1775 1889 1892 1934 bene
1921 1902 1999 1934 ex-

435 1955 586 2010 posuit
615 1957 810 2000 Hensius
843 1958 871 2000 l.
896 1971 933 2001 c.
963 1972 1006 2013 p.
1028 1959 1083 2002 38
1105 1972 1202 2014 sqq.
1233 1972 1325 2002 non
1355 1961 1425 2002 est
1452 1959 1572 2014 quod
1601 1962 1814 2014 repetam.
1861 1959 2000 2005 Para-

437 2025 592 2079 graphi
625 2025 787 2080 duplex
810 2026 1079 2070 describitur
1108 2027 1247 2071 notio.
1307 2027 1507 2071 Primum
1546 2027 1787 2072 adhibetur
1815 2028 1874 2072 ad
1897 2040 2001 2084 per-

439 2107 651 2137 sonarum
668 2096 925 2139 alternatim
949 2096 1245 2140 fabulantium
1270 2109 1504 2140 sermones
1526 2097 1868 2152 distinguendos
1889 2100 1934 2142 et
1954 2097 2002 2142 in

438 2163 628 2206 iambico
649 2178 812 2218 genere
839 2168 883 2208 et
912 2166 959 2208 in
989 2166 1228 2220 chorico.¹)
1274 2165 1443 2209 Eadem
1464 2166 1682 2210 discernit
1701 2165 1935 2222 stropham
1955 2167 2002 2211 et

438 2232 782 2287 antistropham,
813 2234 881 2276 vel
914 2234 951 2277 si
981 2247 1162 2278 carmen
1191 2235 1291 2289 plus
1323 2235 1434 2278 duas
1466 2236 1678 2291 strophas
1710 2235 1880 2279 similes
1905 2247 2000 2279 am-

437 2301 658 2355 plectitur,
694 2303 813 2357 quod
835 2304 1037 2358 quamvis
1059 2317 1087 2346 a
1115 2303 1297 2358 tragicis
1331 2304 1583 2359 alienum‚2)
1612 2304 1660 2347 in
1698 2304 2001 2360 Aristophane

440 2382 529 2412 non
569 2384 669 2413 raro
708 2386 793 2415 usu
829 2373 965 2424 venit,
1005 2373 1202 2428 singulas
1243 2373 1342 2416 illas
1391 2374 1602 2428 strophas
1641 2387 1788 2429 pares.
1848 2373 2000 2419 Oritur

442 2438 692 2494 difficultas,
725 2441 991 2497 ubicumque
1022 2442 1140 2485 intra
1171 2443 1382 2498 strophas
1404 2443 1526 2498 ipsas
1553 2443 1848 2487 fabulantium
1865 2442 2001 2487 alter-

440 2508 561 2551 natio
607 2510 782 2553 accidit.
842 2511 890 2554 Si
937 2511 1116 2567 quidem
1161 2512 1468 2567 paragraphus
1515 2512 1604 2556 iam
1649 2511 1836 2567 singulis
1882 2513 2000 2555 stro-

438 2577 629 2630 pharum
673 2579 902 2632 particulis
950 2580 1244 2624 fabulantium
1288 2581 1587 2624 alternatione
1633 2580 1802 2624 effectis
1852 2580 1914 2635 (h.
1960 2593 1999 2624 e.

441 2643 631 2700 κώλοιςδ)
669 2648 823 2691 addita
868 2652 949 2701 est,
990 2649 1146 2692 eadem
1187 2663 1278 2692 non
1319 2650 1481 2694 sufficit
1516 2650 1575 2693 ad
1612 2649 1826 2705 strophae
1862 2649 1998 2693 finem

558 2783 583 2827 ¹)
609 2785 702 2820 Ante
728 2787 856 2829 μεταξύ
883 2786 947 2831 τῆς
971 2798 1010 2821 τε
1034 2788 1191 2832 στροφῆς
1217 2787 1428 2823 addendum
1453 2797 1536 2823 esse
1559 2786 1583 2832 ἧ
1610 2786 1836 2832 intellegitur
1851 2786 1998 2833 potissi-

442 2852 539 2876 mum
566 2853 606 2876 ex
634 2845 819 2880 coronidis
846 2844 1076 2890 expositione
1101 2856 1252 2890 prorsus
1278 2845 1415 2890 pariter
1439 2846 1680 2881 conformata.

556 2899 584 2933 ²)
611 2901 674 2935 sed
701 2903 745 2936 cf.
771 2902 854 2937 Eur.
881 2903 977 2948 Cycl.
1005 2915 1038 2948 p.
1063 2904 1260 2939 495-518.

559 2957 586 2997 ³)
611 2958 759 2994 Mirifice
792 2961 926 2996 erravit
958 2961 1144 3004 Osannus,
1176 2972 1257 2997 cum
1289 2963 1335 2997 de
1373 2961 1527 3007 singulis
1565 2962 1801 3007 stropharum
1831 2961 2000 2998 versibus

442 3014 629 3058 cogitaret.
