2196 3438
940 312 993 357 77

54 422 94 507 ,
173 452 314 502 dun
324 453 438 499 natis
466 453 592 504 bene
613 455 873 509 perceptum
902 452 1072 495 habuit.
1121 452 1272 507 ltaque
1300 463 1401 494 cum
1422 463 1746 506 nonnunquam

170 514 552 574 mee‘resse
583 523 701 566 inter
728 520 965 578 periodum
1003 524 1048 564 et
1085 521 1319 576 stropham
1355 519 1747 572 animadverteret,

70 590 86 607 ²
171 592 387 650 pah-¹)
414 591 462 636 in
493 591 597 635 libri
627 591 684 635 de
711 589 1033 635 Demosthenis
1063 590 1106 632 vi
1136 589 1315 634 dicendi
1353 602 1449 645 cap.
1483 589 1518 632 L
1556 590 1661 645 (vol.
1691 591 1747 636 VI

172 661 388 720 walin,
421 662 441 704 1
476 674 573 717 sqq.
603 660 677 715 R.)
714 673 816 704 eum
846 672 979 715 quem
1017 659 1236 714 exscripsi
1274 659 1422 701 locum
1459 657 1524 700 sic
1568 650 1746 697 deflexit

173 727 336 788 ¹¹1³&-
355 726 482 788 ὅμοια
521 727 928 787 πριλαμβάνωσΰ)
973 727 1104 784 μέτρα
1146 728 1220 770 καὶ
1256 724 1443 784 ῥυθμούς
1475 723 1749 782 τεταγμένους

172 797 296 852 W
321 796 459 842 κατὰ
487 797 669 856 στίχον
697 798 806 841 εἴτε
833 795 973 840 κατὰ
1000 796 1265 853 περίοδον,
1309 794 1370 852 ἦν
1412 794 1660 838 καλοῦσιν
1702 791 1748 835 οἱ

173 867 431 927 »μουσικοὶ
473 880 724 924 στροφην,
766 864 947 923 κᾷπειτα
989 862 1113 909 πάλιν
1155 870 1239 916 τοῖς
1277 859 1415 915 αυτοῖς
1452 863 1629 921 ῥυθμοῖς
1673 862 1748 904 καὶ

171 933 349 995 μίτρας
373 935 445 980 ἐπὶ
470 936 553 980 τῶν
586 930 722 978 αὐτῶν
758 934 947 991 στίχων
981 932 1011 990 ἤ
1055 932 1334 990 περιόδων,
1380 931 1437 984 ἃς
1481 926 1747 986 ἀντιστρό-

185 1007 317 1062 φους
338 1001 677 1063 ὀνομάζουσι,
706 1002 969 1060 χρωμένη..
986 1001 1216 1060 ,ἔμμετρός
1243 1000 1276 1045 τ’
1308 1002 1394 1044 ἐστὶ
1421 1002 1497 1043 καὶ
1524 999 1746 1057 ἔρρυθμος·

179 1069 221 1131 ἦ
244 1072 306 1119 8»
325 1071 722 1130 περιπεπλανημένα
758 1071 889 1129 μέτρα
925 1072 999 1114 καὶ
1033 1070 1220 1128 ῥυθμοὺς
1256 1068 1461 1121 ἀτάκτους
1498 1067 1747 1126 ἐμπεριλαμ-

185 1138 375 1201 βάνουσα
400 1142 476 1185 καὶ
505 1138 599 1199 μήτ’
636 1138 966 1184 ἀκολουθίαν
1002 1136 1137 1182 αὐτῶν
1173 1137 1439 1196 φυλάττουσα
1482 1134 1590 1196 μήτε
1626 1135 1747 1194 ὃμο-

182 1207 364 1269 ζρχίῃι
413 1207 507 1270 μήτ’
565 1209 729 1267 ἄλλην
779 1206 1061 1267 ὁμοιότητα
1104 1207 1425 1265 τεταγμένην
1463 1205 1746 1264 μηδεμίαν,

175 1277 399 1342 m
429 1278 507 1337 μίν
535 1279 623 1322 ἐστι
650 1280 725 1322 καὶ
753 1277 960 1356 εὔμετρος.
1019 1278 1171 1333 Neque
1208 1278 1343 1333 igitur
1386 1277 1506 1332 quod
1547 1275 1746 1332 periodis

170 1343 476 1410 miluum
506 1362 675 1392 nomen
704 1362 733 1391 a
762 1347 948 1391 musicis
979 1347 1171 1390 inditum
1201 1360 1303 1390 esse
1324 1345 1567 1401 Dionysius
1597 1345 1747 1395 refert,

175 1416 321 1474 ,m
326 1417 546 1464 momenti
579 1420 648 1461 est
678 1416 834 1472 quanti
863 1415 1035 1471 putavit
1066 1415 1252 1459 Crusius
1283 1415 1310 1458 1.
1343 1428 1380 1458 c.
1414 1429 1458 1470 p.
1491 1413 1597 1468 18⁸).
1657 1413 1747 1456 Sed

172 1485 389 1550 „luxibus
430 1486 489 1542 de
533 1486 748 1541 strophae
791 1486 979 1528 notione
1017 1484 1257 1527 dicendum
1287 1484 1385 1535 erit,
1423 1496 1524 1526 cum
1554 1482 1610 1524 de
1638 1482 1746 1524 Mar.

175 1553 351 1611 [ictor.
378 1555 451 1600 GL
481 1555 536 1599 Vl
564 1569 607 1611 p.
638 1556 709 1608 58,
738 1556 767 1598 6
797 1568 894 1610 sqq.
925 1554 1061 1597 verba
1096 1553 1270 1596 faciam.

168 1655 275 1694 «ἐμ.
295 1624 444 1681 Atque
471 1625 585 1669 haec
620 1624 802 1680 quidem
846 1623 903 1667 de
940 1623 1086 1678 prima
1122 1625 1166 1666 et
1200 1623 1342 1666 altera
1371 1621 1682 1664 commentarii
1712 1620 1747 1663 11

178 1693 490 1752 maphiS.
547 1694 613 1737 De
643 1693 765 1736 notis
795 1692 994 1736 metricis
1026 1692 1115 1735 iam
1146 1691 1236 1746 egi;
1267 1691 1313 1734 in
1340 1690 1590 1734 carminum
1611 1703 1745 1744 gene-

176 1761 313 1816 'W
339 1762 648 1819 westphalius
679 1761 790 1805 satis
828 1761 986 1804 habuit
1025 1760 1091 1803 eis
1133 1760 1391 1815 speciebus,
1429 1771 1542 1814 quae
1581 1758 1745 1801 nullius

183 1829 444 1885 videantur
478 1831 631 1887 pretii,
676 1830 865 1874 seclusis
910 1831 1094 1873 schema
1129 1828 1545 1884 Hephaestioneum
1579 1827 1746 1882 princi—

180 1898 365 1956 ψ
406 1900 658 1944 rationibus
700 1899 888 1944 servatis
927 1898 1168 1942 emendare
1205 1901 1249 1941 et
1279 1897 1517 1952 corrigere.
1576 1895 1668 1938 Nos
1700 1895 1746 1938 in

184 1968 555 2026 aptissimum
584 1969 875 2024 inquiremus,
906 1981 1019 2024 quae
1049 1967 1244 2011 maxime
1275 1965 1519 2020 singularia
1548 1977 1600 2007 ac
1631 1964 1745 2007 mira

185 2039 307 2091 sunt,
335 2040 386 2083 nt
413 2038 709 2094 expiscemur,
740 2038 902 2094 quibus
933 2037 1183 2081 rationibus
1214 2036 1255 2078 ei
1286 2035 1360 2091 qui
1392 2034 1625 2077 doctrinae
1645 2033 1746 2076 fun-

186 2104 399 2151 damenta
419 2106 607 2151 iecerint
636 2107 818 2150 adducti
848 2107 953 2158 sint,
982 2109 1033 2149 ut
1062 2105 1173 2148 haec
1204 2104 1302 2159 ipsa
1322 2116 1487 2158 genera
1508 2102 1746 2156 seligerent

185 2187 327 2232 eaque
356 2175 424 2219 sic
451 2179 501 2220 ut
530 2189 650 2219 nunc
681 2178 787 2219 sunt
815 2174 1122 2230 disponerent.

299 2243 620 2289 Percurramus
653 2244 828 2299 singula
866 2257 920 2286 ex
959 2242 1132 2286 ordine.
1184 2241 1474 2296 Hephaestio,
1520 2253 1621 2283 cum
1657 2239 1746 2282 duo

186 2313 402 2370 primaria
434 2314 683 2359 carminum
714 2325 880 2368 genera
915 2325 1017 2355 esse
1053 2311 1200 2363 vellet,
1243 2308 1355 2352 κατὰ
1390 2308 1532 2366 στίχον
1562 2313 1606 2352 et
1635 2307 1745 2351 κατὰ

185 2377 392 2441 unionum,
422 2396 516 2428 non
538 2382 686 2439 potuit
709 2396 802 2426 non
831 2381 959 2426 alteri
990 2381 1222 2435 assignare
1249 2378 1413 2434 elegias
1445 2381 1489 2421 et
1517 2376 1611 2429 τοὺς
1640 2378 1746 2433 ἐπῳ-

184 2448 295 2504 δούς.
353 2451 517 2496 Verum
546 2455 595 2496 ut
625 2452 681 2495 de
711 2451 869 2507 epodis
899 2453 1086 2502 taceam,
1118 2448 1359 2504 elegiarum
1382 2446 1557 2490 indoles
1578 2449 1745 2502 quanto

175 2521 372 2577 propius
400 2522 529 2566 abest
558 2522 616 2565 ab
646 2521 774 2577 epica
802 2519 929 2576 poesi
961 2533 1093 2575 quam
1123 2532 1150 2562 a
1181 2516 1340 2561 solutis
1372 2516 1532 2571 lyricae
1553 2529 1745 2571 poeseos

306 2659 334 2707 ι)
358 2660 404 2697 cs.
436 2661 506 2698 Th.
538 2658 714 2696 Roessler
744 2658 910 2705 Dionysii
935 2657 1053 2694 Halic.
1085 2656 1207 2703 script.
1240 2656 1374 2692 rhetor.
1400 2656 1604 2699 fragmenta
1634 2653 1746 2700 (Lips.

303 2836 333 2884 ¹)
355 2835 399 2874 In
423 2835 540 2873 schol.
566 2835 673 2871 Arist.
699 2834 793 2871 Nub.
816 2835 886 2869 333
910 2830 1216 2878 ᾀσματοκάμπτας
1234 2833 1275 2866 οὐ
1298 2830 1352 2866 ὅτι
1375 2829 1433 2865 διὰ,
1457 2829 1496 2864 τὸ
1522 2826 1672 2874 ἁρμονίᾳ
1696 2827 1744 2874 μή

183 2892 388 2933 {mun
420 2895 499 2931 κτλ.
536 2893 685 2930 cmsius
722 2904 756 2939 p.
788 2892 834 2928 22
869 2891 954 2928 adn.
994 2891 1009 2926 1
1049 2890 1224 2926 audacius
1261 2889 1408 2934 scripsit
1442 2888 1590 2932 καμπὰς
1624 2889 1747 2932 ῐχουσι

182 2954 351 2997 πλήμνας
385 2954 476 2998 (τῶν
511 2951 724 2997 περιόδων),
760 2950 805 2993 ἃς
841 2952 876 2986 οἱ
909 2951 1071 2996 μουσικοὶ
1101 2949 1255 2984 καλοῦσι
1294 2945 1451 2992 στροφάς
1489 2947 1568 2981 κτλ.
1628 2945 1744 2981 Immo

184 3011 322 3050 luditur
344 3010 535 3047 vocabulis
558 3010 684 3055 καμπή
711 3013 747 3046 et
772 3008 920 3055 στροφή.
