2196 3438
1233 313 1287 357 76

475 452 594 495 κῶλα
623 458 764 495 ποιεῖν.
825 454 883 495 At
913 452 998 495 hoc
1030 452 1129 496 loco
1160 465 1273 508 quae
1306 453 1371 497 vis
1402 453 1617 499 vocabulo
1656 452 1804 511 μέτρον
1834 454 2036 500 subiecta

476 522 534 564 sit
565 522 851 574 cognoscitur
881 535 933 564 ex
967 521 1126 576 capitis
1156 522 1292 565 modo
1324 522 1504 566 excitati
1544 522 1671 566 initio
1716 524 1775 579 (p.
1812 524 2038 583 958)τοῑς

476 591 549 646 μὲν
579 590 787 641 ἐποποιοῖς
817 588 965 646 μέτρον
995 584 1073 631 οὐκ
1108 589 1239 642 ἰξεστι
1273 588 1559 648 μεταβάλλειν,
1598 589 1688 635 ἀλλ’
1730 587 1897 651 ἀνάγκη
1934 591 2037 638 πάν-

474 673 547 710 τας
577 660 678 701 είναι
722 658 816 709 τοὺς
860 658 1027 714 στίχους
1071 657 1332 716 ἑξαμέτρους·
1377 658 1474 702 οὐδέ
1502 674 1553 717 γε
1588 658 1762 719 ῥυθμόν,
1800 659 1912 706 ἀλλὰ
1952 667 2037 715 τοῖς

474 725 557 770 ἀπὸ
596 728 760 784 μακρᾶς
804 725 1051 783 ἀρχομένοις
1087 727 1301 786 συλλαβῆς
1336 727 1580 786 χρήσονται.
1647 730 1706 775 At
1742 731 1864 775 enim
1894 732 2035 777 multo

474 796 750 851 probabilius
783 799 852 839 est
883 796 1042 850 longos
1074 796 1175 839 illos
1206 810 1363 841 versus
1392 797 1658 843 Pindaricos
1689 801 1735 843 et
1762 799 1821 844 ab
1839 799 2035 846 Alexan-

473 865 615 907 drinis
662 868 705 908 et
751 878 779 907 a
821 865 1036 920 Dionysio
1073 868 1257 910 vocatos
1297 879 1398 910 esse
1436 864 1665 923 περιόδους.
1734 868 1844 912 Tria
1873 869 2036 915 saltem

472 934 603 977 huius
643 934 821 977 dicendi
866 947 975 976 usus
1023 934 1211 989 vestigia
1254 935 1301 980 in
1341 936 1527 980 scholiis
1565 937 1819 982 Pindaricis
1858 950 2036 984 reman-

472 1006 646 1052 serunt;
694 1003 748 1045 of.
788 1003 929 1045 schol.
969 1003 1026 1045 ol.
1065 1003 1124 1046 IX
1164 1004 1259 1047 125.
1301 1005 1395 1048 134.
1434 1005 1473 1048 X
1510 1006 1567 1049 24-
1609 1003 1679 1059 (τὰ
1722 1004 1796 1048 δύο
1838 1004 1913 1063 μία
1950 1005 2039 1053 led

472 1071 702 1127 περίοδος),
752 1072 807 1114 de
857 1072 1018 1127 quibus
1069 1086 1160 1116 non
1209 1074 1266 1117 ab
1317 1074 1438 1117 omni
1489 1078 1616 1130 parte
1662 1078 1782 1119 recte
1824 1075 2039 1122 disseruit

472 1141 694 1183 Christius
735 1141 761 1183 1.
794 1153 831 1184 c.
870 1155 912 1196 p.
948 1141 1028 1184 146
1067 1156 1132 1197 sq.
1182 1142 1325 1186 Porro
1365 1156 1603 1198 perperam
1650 1144 1872 1189 Christius
1909 1143 1956 1200 (1.
1997 1159 2035 1190 0.

469 1224 511 1264 p.
555 1210 655 1261 164,
700 1210 894 1252 Metrik²
937 1224 979 1264 p.
1027 1211 1121 1253 132.
1165 1210 1261 1254 616.
1307 1212 1392 1254 619
1436 1214 1521 1267 sq.)
1574 1213 1752 1267 negavit
1802 1226 1831 1256 a
1872 1213 2036 1260 veteri-

470 1280 552 1321 bus
612 1279 915 1333 grammaticis
972 1279 1185 1333 periodos
1244 1293 1271 1323 a
1326 1281 1528 1336 strophis
1584 1281 1823 1326 distinctas
1880 1282 2033 1328 fuisse.

474 1347 689 1402 lnspicias
727 1347 860 1391 velim
898 1347 1099 1403 Dionysii
1139 1348 1286 1391 locum
1323 1349 1459 1392 modo
1498 1350 1682 1394 allatum
1725 1350 1787 1406 (p.
1820 1351 1906 1395 258
1935 1364 2035 1409 sqq.

472 1417 608 1469 Sch.).
668 1417 1013 1471 Distinguuntur
1042 1416 1132 1460 illic
1162 1416 1303 1472 κῶλα,
1333 1417 1540 1474 περίοδοι,
1577 1418 1766 1475 στροφαί.
1825 1419 1893 1467 Ex
1918 1421 2036 1467 eolis

472 1485 722 1529 efficiuntur
765 1485 963 1542 περίοδοι,
1010 1500 1063 1529 ex
1108 1486 1307 1541 periodis
1346 1486 1533 1543 στροφαί.
1609 1488 1726 1544 Ergo
1763 1501 1859 1536 non
1902 1503 2035 1537 secus

469 1558 602 1610 atque
621 1555 806 1610 περίοδοι
827 1555 1059 1610 complura
1079 1556 1438 1610 complectuntur
1456 1556 1578 1599 κῶλα
1599 1558 1834 1603 continent
1857 1558 2036 1616 στροφαί

469 1625 721 1680 complures
759 1621 987 1681 περιόδους.
1061 1625 1182 1668 Idem
1228 1625 1469 1669 edocemur
1506 1626 1595 1670 alio
1635 1639 1811 1683 quoque
1846 1628 1948 1674 loco
1977 1641 2036 1675 ex

467 1694 624 1736 eodem
647 1694 762 1737 libro
785 1694 974 1749 repetito
1006 1698 1119 1748 (cap.
1141 1694 1258 1736 XXV
1278 1707 1321 1749 p.
1343 1695 1428 1737 384
1448 1695 1572 1750 Sch.)
1606 1693 1636 1752 ἡ
1666 1696 1741 1753 μὲν
1768 1694 1894 1754 ὅμοια
1920 1710 2034 1754 πορι-

466 1759 740 1819 λαμβοίνουσα
792 1762 923 1819 μέτρα
974 1764 1048 1805 καὶ
1097 1763 1371 1820 τεταγμένους
1419 1762 1614 1817 σώζουσα
1662 1764 1850 1823 ῥυθμούς
1897 1765 2034 1810 κατὰ

467 1831 647 1888 στίχον
675 1830 705 1886 ἠ
735 1832 978 1887 περίοδον
1005 1831 1035 1887 ἦ
1066 1832 1296 1889 στροφὴν
1320 1865 1357 1875 ..
1378 1866 1386 1874 .
1410 1832 1590 1890 κᾷπειτα
1619 1831 1742 1877 πάλιν
1777 1840 1862 1886 τοῖς
1893 1833 2032 1887 αὐτοῖς

469 1900 643 1958 ῥυθμοῖς
662 1901 735 1942 καὶ
756 1900 918 1957 μέτροις
938 1901 1005 1944 ἐπὶ
1030 1901 1111 1944 τῶν
1141 1901 1236 1957 ἑξῆς
1266 1901 1452 1959 στίχων
1480 1901 1510 1958 ἤ
1539 1901 1795 1959 περιόδων
1821 1902 1854 1960 ἦ
1881 1917 2032 1961 στρο-

466 1973 571 2025 φῶν
613 1968 813 2026 χρωμένη
839 2002 927 2024 ...,
974 1968 1183 2027 ἔρρυθμός
1220 1970 1305 2013 ἐστι
1342 1972 1415 2014 καὶ
1453 1972 1654 2028 ἔμμετρος
1690 1972 1771 2026 (sc.
1800 1971 2031 2028 λέξις)...·

467 2037 495 2094 ἡ
526 2039 574 2081 δὲ
602 2038 901 2096 πεπλανημένα
932 2039 1062 2097 μέτρα
1083 2041 1156 2083 καὶ
1178 2038 1383 2092 ἀτάκτους
1404 2039 1590 2098 ῥυθμοὺς
1612 2040 2031 2100 ἐμπεριλαμβάνουσα

465 2109 538 2150 καὶ
568 2107 695 2164 μήτε
737 2107 1064 2152 ἀκολουθίαν
1103 2109 1360 2166 ἐμφαίνουσα
1400 2108 1534 2154 αὐτῶν
1578 2108 1706 2167 μήτε
1746 2106 2032 2169 ὁμοζυγίαν

466 2175 596 2233 μήτε
627 2176 997 2234 ἀντιστροφήν,
1029 2177 1237 2235 εὔρυθμος
1267 2177 1340 2235 μέν
1377 2178 1484 2222 ἐστιν
1519 2180 1610 2222 κτλ.
1679 2180 1789 2224 Tria
1826 2181 1899 2224 hic
1937 2181 2031 2226 dis-

467 2250 709 2290 cernuntur
740 2248 1084 2303 compositionis
1112 2261 1279 2302 genera
1307 2248 1439 2291 haec:
1474 2250 1515 2303 1)
1535 2249 1646 2292 κατὰ
1666 2249 1823 2306 στίχον,
1852 2251 1898 2306 2)
1917 2249 2030 2294 κατὰ

464 2315 668 2371 περίοδον,
699 2318 743 2371 3)
764 2315 875 2359 κατὰ
902 2315 1097 2372 στροφήν.
1149 2316 1266 2368 Quid
1297 2317 1512 2372 cuiusque
1541 2318 1774 2372 proprium
1805 2319 1878 2372 sit,
1908 2319 2029 2364 haud

467 2386 643 2440 illepide
688 2390 848 2440 postea
893 2386 1117 2429 indicatur
1160 2387 1390 2429 vocabulis
1441 2382 1678 2429 ἀκολουθία
1727 2388 1789 2442 (11.
1835 2401 1873 2431 e.
1916 2387 2030 2432 κατὰ

465 2453 639 2510 στίχον),
670 2453 874 2511 ὂμοζυγία
902 2455 965 2509 (11.
998 2469 1035 2498 e.
1066 2453 1178 2498 κατὰ
1206 2454 1429 2511 περίοδον),
1467 2453 1718 2512 ἀντιστροφή
1755 2457 1817 2510 (11.
1849 2470 1886 2501 e.
1915 2456 2029 2501 κατὰ

464 2521 678 2579 στροφήν).
741 2524 806 2567 Ex
837 2524 937 2579 ipsa
967 2525 1050 2567 hac
1082 2524 1381 2578 responsione
1419 2528 1606 2579 apparet
1642 2525 1716 2568 hic
1753 2539 1931 2581 quoque
1959 2525 2028 2570 di·

465 2606 638 2634 versam
671 2607 771 2636 esse
805 2593 1037 2647 stropham
1067 2607 1095 2635 a
1123 2593 1324 2647 periodo.
1383 2593 1534 2648 Itaque
1557 2593 1919 2649 quandoquidem
1939 2595 2028 2638 hoc

465 2662 707 2704 discrimen
753 2676 780 2704 a
823 2662 1037 2716 Dionysio
1084 2662 1263 2704 demum
1305 2661 1605 2716 excogitatum
1643 2675 1744 2705 esse
1774 2675 1908 2706 nemo
1940 2663 2027 2707 sihi

463 2730 770 2784 persuadebit,
816 2732 960 2773 elucet
1004 2744 1162 2785 parum
1207 2734 1327 2773 recte
1367 2743 1467 2773 cum
1504 2731 1617 2774 alios
1654 2734 1748 2774 tum
1779 2731 2027 2776 Christium

463 2799 644 2853 (Abhdl.
676 2799 718 2842 d.
749 2801 804 2842 M.
837 2801 887 2842 A.
917 2800 974 2842 XI
1004 2814 1046 2854 p.
1073 2800 1171 2854 178)
1201 2800 1450 2854 praefracte
1482 2800 1716 2855 negavisse
1745 2800 1803 2843 ab
1833 2800 2027 2844 Alexan-

464 2867 605 2909 drinis
637 2868 755 2922 apud
786 2868 1029 2910 Pindarum
1061 2871 1137 2910 aut
1174 2868 1293 2923 apud
1331 2867 1525 2923 tragicos
1562 2869 1853 2924 periodorum
1889 2870 2027 2914 ratio-

465 2949 568 2978 nem
600 2936 799 2980 habitam
831 2950 953 2987 esse3
985 2938 1039 2980 cf.
1071 2951 1183 2992 quae
1214 2937 1305 2980 dixi
1336 2951 1378 2992 p.
1405 2937 1460 2980 63
1483 2937 1586 2980 adn.
1618 2938 1654 2979 1.
1703 2938 1762 2980 At
1786 2938 2026 2995 Dionysius

466 3018 687 3059 quaenam
718 3006 1015 3049 intercederet
1047 3006 1159 3048 ratio
1192 3006 1308 3048 inter
1339 3007 1572 3061 stropham
1593 3010 1638 3050 et
1656 3007 1891 3061 periodum
1911 3021 2028 3051 non-
