2196 3438
1247 330 1299 373 18

611 471 847 515 Praeterea
879 467 1181 511 Choerobosci
1203 466 1479 523 temporibus
1502 479 1680 523 semper
1699 480 1799 512 cum
1820 469 1907 514 hoc
1925 469 2042 515 libro

494 540 612 583 aliud
658 539 880 595 quoddam
927 536 1273 592 Hephaestionis
1319 535 1582 591 opusculum
1633 536 2041 591 circumferebatur,

495 609 613 664 quod
659 608 920 662 inscriptum
965 609 1059 649 erat
1102 606 1197 661 περὶ
1238 604 1481 662 ποιήματος,
1528 617 1616 661 quo
1659 605 1706 649 in
1751 606 1903 652 libello
1950 607 2041 652 He-

495 677 697 732 phaestio
754 677 848 731 ipse
900 674 1198 718 enchiridium
1249 687 1277 717 a
1316 687 1364 717 se
1411 687 1510 718 esse
1556 674 1786 719 conditum
1829 675 2043 732 quodam·

495 747 627 789 inodo
674 748 861 788 testatus
907 747 1015 787 erat.
1082 743 1413 787 Testimonium
1453 743 1562 786 illud
1600 742 1646 786 in
1692 747 1852 788 neutro
1887 757 2043 789 eorum

494 816 565 870 qui
616 817 768 857 extant
816 812 1239 857 commentariorum
1277 812 1643 867 deprehenditur;
1681 812 1803 857 unde
1828 814 2043 870 sequitur,

493 886 540 925 ut
569 886 755 938 uterque
792 883 849 926 ab
889 896 956 934 eo,
988 881 1063 937 qui
1094 880 1414 925 Choerobosco
1443 884 1626 936 praesto
1657 883 1766 934 erat,
1803 881 1954 927 libello
1976 883 2045 927 sit

494 952 707 995 diversus.
772 951 862 995 Sed
894 963 1134 1007 quamnam
1166 963 1266 993 cum
1297 950 1373 993 illo
1405 949 1556 993 libello
1589 949 1812 994 rationem
1846 950 2043 996 habeant

494 1020 800 1065 commentarii
834 1034 886 1063 ex
919 1019 1225 1063 Choerobosci
1256 1019 1406 1063 verbis
1436 1032 1528 1062 non
1560 1019 1806 1074 dispicitur.

606 1091 663 1133 At
709 1090 822 1133 duae
867 1090 1016 1132 inesse
1060 1089 1269 1132 videntur
1313 1089 1359 1131 in
1405 1088 1711 1132 Choerobosci
1756 1089 2043 1136 enarratione

493 1159 785 1212 difficultates,
831 1172 1017 1214 quarum
1062 1158 1203 1202 altera
1248 1171 1301 1200 eo
1347 1158 1613 1210 continetur,
1660 1157 1781 1213 quod
1816 1158 1892 1202 vix
1921 1158 2044 1215 qnis-

493 1242 625 1284 quam
675 1229 760 1271 sibi
809 1228 1098 1283 persuadebit
1154 1226 1351 1270 libellum
1409 1227 1504 1283 περὶ
1562 1225 1794 1284 ποιήματος
1840 1227 2045 1272 effecisse

493 1298 716 1353 singulare
755 1298 1031 1353 opusculum,
1071 1296 1192 1353 quod
1230 1309 1337 1339 casu
1375 1298 1549 1339 tantum
1587 1309 1767 1351 semper
1807 1309 1900 1341 una
1942 1309 2044 1341 eum

493 1366 740 1409 enchiridio
779 1367 1111 1422 deprehensum
1157 1368 1290 1408 esset.
1362 1365 1597 1420 Respicias
1633 1364 1767 1408 velim
1801 1365 2046 1410 Aristidem

493 1435 828 1489 Quintilianum,
874 1435 998 1479 cuius
1043 1436 1249 1478 auctores
1294 1434 1363 1476 vel
1400 1434 1459 1476 ad
1496 1446 1562 1487 ea,
1601 1433 1657 1476 de
1697 1434 1858 1489 quibus
1886 1434 2045 1490 aginat,

492 1509 694 1560 tempora
722 1505 791 1548 vel
823 1505 956 1547 etiam
987 1504 1044 1547 ad
1072 1503 1327 1558 antiquiora
1347 1502 1570 1558 pertinere
1601 1502 1719 1546 inter
1746 1515 1908 1547 omnes
1937 1515 2046 1547 con·

494 1578 593 1617 stat.
663 1574 747 1626 Qui
779 1573 979 1630 quamvis
1002 1573 1163 1616 exilem
1185 1572 1332 1624 nobiS,
1364 1572 1523 1615 sicum
1546 1571 1795 1615 enchiridio
1825 1571 2047 1626 conferas,

494 1644 603 1687 artis
649 1644 858 1687 metricae
889 1643 1116 1698 epitomen
1160 1641 1415 1694 tradiderit,
1453 1644 1606 1685 tamen
1644 1643 1776 1696 caput
1804 1642 1900 1698 περὶ
1925 1640 2046 1698 ποιή-

494 1726 620 1769 ματος
656 1726 748 1756 non
780 1711 951 1763 omisit;
991 1712 1046 1754 cf.
1082 1725 1125 1766 p.
1155 1711 1224 1762 28,
1255 1710 1323 1753 20.
1364 1710 1432 1762 37,
1463 1710 1605 1752 6-19
1636 1709 1705 1753 ed.
1734 1710 1849 1753 Jahn
1878 1710 2044 1765 (Berol.

497 1781 634 1837 1882).
695 1782 845 1837 Neque
890 1781 1055 1824 Marius
1100 1779 1356 1823 Victorinus
1401 1779 1470 1822 vel
1516 1778 1666 1834 potius
1702 1778 1856 1826 Aelius
1885 1779 2044 1824 Festus

492 1850 791 1904 Aphthonius,
823 1849 946 1894 cuius
977 1851 1199 1901 auctores,
1230 1848 1315 1891 etsi
1346 1848 1391 1891 in
1414 1847 1602 1903 singulis
1630 1860 1792 1902 magna
1813 1849 2043 1893 contentio

494 1921 574 1970 est,
613 1919 671 1962 ad
702 1919 890 1962 eandem
930 1919 1022 1962 fere
1051 1920 1185 1973 atque
1205 1916 1589 1972 Hephaestionem
1616 1919 1810 1960 aetatem
1840 1920 2045 1972 spectare

494 2000 648 2030 omnes
694 1987 995 2040 consentiunt,
1040 1987 1186 2030 facere
1230 1986 1388 2041 potuit,
1435 1986 1542 2042 quin
1574 1986 1805 2042 complura
1847 1986 1951 2031 huic
1980 1987 2045 2031 rei

494 2057 685 2112 capitula
733 2058 968 2107 tribueret;
1019 2057 1073 2099 cf.
1123 2057 1317 2099 Gramm.
1361 2056 1436 2099 lat.
1484 2056 1552 2099 ed.
1597 2055 1650 2098 H.
1694 2055 1806 2099 Keil.
1854 2055 1942 2100 vol.
1990 2056 2045 2100 VI

492 2140 533 2181 p.
564 2126 746 2170 53—60.
807 2126 925 2179 Quin
956 2125 1091 2168 etiam
1121 2125 1240 2180 apud
1268 2125 1454 2168 Atilium
1474 2125 1847 2168 Fortunatianum
1875 2123 1966 2180 (GL
1986 2124 2046 2168 Vl

492 2208 533 2249 p.
564 2195 660 2247 294,
692 2196 748 2238 24
767 2220 823 2227 -
842 2196 939 2247 295,
974 2195 1056 2250 16),
1102 2194 1156 2237 de
1189 2194 1312 2237 cuius
1358 2194 1558 2237 fontibus
1602 2193 1720 2237 idem
1749 2194 1881 2248 valet,
1927 2193 2046 2238 eius—

496 2264 616 2306 modi
662 2265 893 2307 doctrinae
938 2263 1125 2318 vestigia
1174 2263 1421 2318 perlucent.
1486 2262 1615 2306 Adde
1658 2263 1779 2319 quod
1821 2261 2044 2307 Aristides

493 2332 792 2384 Quintilianus
837 2347 879 2388 p.
927 2333 996 2386 28,
1034 2333 1091 2376 20
1135 2332 1340 2376 doctrina
1390 2332 1484 2389 περὶ
1524 2330 1756 2389 ποιήματος
1798 2333 2044 2376 extremam

494 2403 602 2445 artis
647 2403 860 2446 metricae
903 2405 1076 2458 partem
1122 2401 1235 2445 effici
1275 2402 1442 2445 diserte
1471 2401 1656 2456 profert,
1695 2401 1786 2444 iam
1823 2401 2043 2445 concedes

494 2471 858 2515 dissertationem
904 2472 1025 2514 illam
1074 2471 1168 2527 περὶ
1211 2469 1442 2527 ποιήματος
1486 2471 1575 2513 iam
1619 2471 1676 2514 ab
1706 2469 2043 2526 Hephaestione

494 2541 698 2583 consulto
742 2541 890 2595 aliquo
930 2540 1065 2583 modo
1112 2552 1212 2582 cum
1258 2539 1507 2583 enchiridio
1558 2540 1846 2583 coniunctam
1889 2538 2041 2583 fuisse.

494 2609 675 2652 Accedit
705 2610 872 2665 aliquid
911 2612 1030 2652 certe
1068 2609 1326 2652 adminiculi
1357 2609 1460 2652 huie
1493 2609 1743 2652 sententiae
1774 2609 1910 2652 etiam
1939 2607 2044 2652 inde

494 2678 612 2731 quod
643 2679 680 2720 is
712 2679 784 2733 qui
817 2679 1021 2721 scholion
1051 2692 1093 2733 p.
1124 2678 1197 2720 VII
1222 2679 1387 2720 11--16
1425 2678 1552 2733 quasi
1590 2677 1869 2733 prooemium
1908 2677 2042 2733 capiti

492 2747 584 2801 περὶ
603 2744 833 2803 ποιήματος
860 2747 1197 2802 interpretando
1218 2747 1462 2802 praemisit,
1495 2746 1878 2800 commentarium,
1909 2759 2040 2802 quem

495 2814 809 2870 interpretatus
855 2819 935 2867 est,
973 2817 1019 2858 in
1064 2816 1246 2859 ultimae
1286 2816 1522 2859 enchiridii
1559 2816 1699 2871 partis
1735 2815 1836 2859 loco
1875 2815 2040 2860 habere

496 2895 584 2924 non
615 2884 843 2927 dubitavit.
905 2884 1013 2936 Quis
1045 2885 1178 2927 fuerit
1206 2899 1288 2939 pro
1321 2888 1443 2928 certo
1473 2884 1683 2928 affirmari
1710 2884 1878 2939 nequit.
1937 2883 2041 2927 Col-

495 2953 596 2995 latis
627 2957 773 2995 autem
806 2953 992 3007 Longini
1022 2953 1171 2996 verbis
1203 2954 1248 2995 in
1281 2955 1421 2997 schol.
1454 2954 1598 3009 Heph.
1631 2953 1654 3010 β
1685 2967 1728 3008 p.
1759 2954 1799 3005 2,
1834 2953 1985 3005 16-3,
2014 2954 2041 2995 5

495 3022 566 3074 (cf.
600 3022 962 3064 Choeroboscum
1003 3036 1045 3076 p.
1078 3023 1146 3076 34,
1180 3023 1227 3064 11
1263 3024 1379 3078 sqq.)
1419 3023 1536 3066 haud
1567 3026 1735 3066 temere
1763 3021 1819 3065 de
1837 3021 2040 3076 Longino
