2196 3438
915 343 968 386 19

105 469 114 477 ⁸
158 480 685 543 suspicionemmoveris.
730 479 1055 524 Firmissimum
1079 492 1185 523 vero
1210 478 1571 531 necessitudinis,
1597 490 1710 534 quae

161 553 285 600 hier
308 553 606 598 enchiridium
636 554 681 596 et
709 549 906 594 libellum
946 549 1040 606 περὶ
1077 546 1307 605 ποιήματος
1346 548 1614 601 intercessit,
1645 548 1713 590 in-

161 616 328 669 dicium
377 621 640 679 perhibetur
698 618 846 664 verbis
898 617 1274 674 Hephaestioneis
1326 631 1370 672 p.
1414 618 1490 671 59,
1547 618 1598 660 12
1643 618 1712 661 W.

163 690 361 737 Tamna
388 692 483 748 περὶ
512 689 690 748 μέτρων·
719 688 814 745 περὶ
845 687 893 730 δὲ
921 685 1152 744 ποιήματος
1182 685 1276 743 ἑξῆς
1306 685 1467 743 ῥητέον,
1507 698 1620 742 quae
1657 700 1714 729 ne

159 760 264 821 (mis
303 760 597 818 grammatico
643 757 819 801 cuidam
863 756 1060 800 vindicet
1104 769 1196 799 non
1241 769 1418 806 vereor;
1464 755 1520 798 cf.
1564 755 1716 798 Hense

162 829 203 877 Li
222 843 263 875 o.
297 844 342 887 p.
375 830 469 874 154.
527 827 679 884 Neque
724 825 877 869 obstat
922 825 1114 880 capitulo
1159 825 1254 881 περὶ
1296 837 1539 881 ποιηματος
1562 824 1717 868 titulus

163 898 270 945 libri
295 899 392 956 περὶ
419 897 591 956 μέτρων.
650 895 830 939 Etenim
860 894 1063 950 quamvis
1093 893 1140 937 τὸ
1171 892 1319 951 μέτρον
1347 891 1443 936 κατ’
1475 892 1640 951 ἐξοχην,
1670 896 1720 937 ut

164 969 254 1015 hoc
282 967 498 1014 vocabulo
526 966 592 1010 uti
621 964 733 1009 mihi
763 965 909 1019 liceat,
940 964 1165 1019 discrepet
1187 977 1289 1009 cum
1316 965 1536 1018 poemate,
1566 966 1719 1006 tamen

167 1051 304 1096 qnam
346 1037 550 1082 diversae
594 1035 698 1079 huic
744 1035 963 1078 vocabulo
1012 1034 1237 1078 subiectae
1281 1033 1446 1076 fuerint
1495 1033 1719 1085 notiones,

166 1106 341 1165 opime
363 1119 451 1151 nos
481 1106 612 1149 docet
641 1105 870 1159 Longinus
901 1104 948 1146 in
980 1104 1120 1146 schol.
1150 1103 1294 1158 Heph.
1327 1101 1350 1159 β
1379 1116 1423 1157 p.
1453 1103 1494 1154 2,
1519 1102 1669 1155 16-3,
1693 1104 1720 1146 5

167 1176 243 1235 (οἱ.
263 1175 427 1222 Ghoer.
447 1189 491 1231 p.
512 1174 581 1227 34,
605 1174 793 1225 11—243
825 1173 965 1216 schol.
987 1173 1132 1227 Heph.
1157 1186 1202 1227 p.
1237 1171 1309 1214 VH
1342 1172 1540 1226 11—16)
1576 1185 1721 1227 neque

167 1244 536 1292 haerediserte
565 1243 678 1286 dixit
707 1257 753 1298 p.
785 1243 825 1294 3,
855 1243 882 1285 2
912 1240 959 1284 τὸ
989 1241 1151 1298 ποίημα
1173 1239 1320 1298 μέτρον
1346 1239 1721 1297 προσαγορεύεται;

166 1314 546 1361 εὖθ’ίίαιιιΑῐιοῐι.
565 1311 853 1355 Ambrosian.
885 1311 931 1354 in
954 1311 1155 1355 Studem.
1185 1311 1269 1353 An.
1300 1323 1390 1352 var.
1421 1310 1438 1352 Ι
1467 1323 1510 1365 p.
1532 1310 1630 1363 231,
1654 1311 1720 1354 13.

173 1403 179 1408 ·
210 1410 215 1418 -
276 1383 477 1428 Alteram
516 1381 820 1425 difficultatem
862 1380 907 1423 in
948 1380 1254 1424 Choerobosci
1292 1379 1442 1422 verbis
1481 1391 1617 1434 supra
1646 1393 1721 1423 ex-

167 1452 348 1509 scriptis
383 1450 720 1507 deprehendere
761 1450 846 1493 sibi
886 1450 1007 1493 visus
1046 1452 1116 1492 cst
1153 1449 1458 1503 Westphalius
1488 1449 1723 1502 (Metrik12

165 1536 212 1579 p..
249 1521 349 1577 189)
385 1521 431 1564 in
470 1534 538 1575 eo,
576 1519 696 1575 quod
733 1519 850 1562 idem
889 1518 1249 1571 Choeroboscus,
1288 1517 1363 1573 qui
1401 1517 1429 1560 l.
1468 1530 1504 1560 c.
1547 1519 1603 1561 ab
1634 1518 1723 1561 He-

166 1589 434 1648 phaestione
473 1588 770 1633 enchiridium
802 1591 1200 1632 commemoratum
1231 1601 1328 1630 esse
1367 1586 1415 1629 in
1450 1586 1602 1630 libello
1630 1588 1724 1643 περὶ

166 1657 400 1719 ποιήματος
418 1661 575 1703 auctor
595 1660 677 1710 est,
707 1672 749 1713 p.
772 1658 840 1710 35,
870 1658 927 1700 20
958 1671 1056 1713 sqq.
1085 1657 1278 1712 primum
1308 1656 1365 1699 ab
1393 1656 1724 1710 Hephaestione

167 1727 291 1777 edita
318 1742 419 1774 esse
447 1729 543 1784 περὶ
565 1726 723 1784 μέτρων
744 1725 813 1784 μη’
849 1725 998 1784 βιβλία,
1032 1726 1196 1769 deinde
1226 1739 1279 1769 ea
1308 1726 1355 1768 in
1376 1725 1598 1778 undecim,
1628 1728 1722 1768 tum

169 1797 219 1843 in
244 1798 348 1851 tria,
375 1800 607 1853 postremo
643 1796 690 1839 in
719 1809 859 1839 unum
889 1795 1010 1838 τοῦτο
1040 1794 1087 1838 τὸ
1109 1795 1353 1852 ἐγχειρίδιον
1374 1796 1603 1838 contracta
1623 1807 1723 1836 esse

172 1866 323 1913 uadit.
331 1866 364 1922 ¹)
382 1865 569 1909 Censuit
591 1864 725 1919 igitur
747 1863 1066 1907 Choerobosco
1083 1864 1153 1907 vel
1168 1864 1316 1919 potius
1333 1864 1410 1916 illi,
1428 1863 1502 1919 qui
1519 1863 1725 1906 scholion

170 1934 280 1981 illud
322 1948 367 1991 p.
412 1934 483 1987 35,
519 1934 676 1976 9—13
714 1933 915 1976 condidit
943 1958 1000 1964 —
1039 1933 1078 1976 si
1109 1933 1289 1988 quidem
1320 1933 1374 1975 de
1405 1931 1724 1976 Choerobosco

171 2003 375 2048 nendum
406 2002 615 2058 cogitavit
644 2026 700 2034 -
732 2015 779 2044 re
808 2015 914 2045 vera
943 2005 1048 2045 ante
1078 2002 1232 2045 oculos
1263 2004 1487 2044 versatum
1509 2014 1608 2044 esse
1633 2013 1726 2043 non

172 2071 444 2130 peculiarem
485 2070 834 2126 Hephaestionis
875 2071 970 2126 περὶ
1012 2069 1243 2127 ποιήματος
1286 2070 1499 2122 libellum,
1545 2070 1637 2122 sed,
1677 2073 1726 2113 ut

174 2135 371 2186 Breviter
398 2140 559 2191 dicam,
588 2139 778 2194 Longini
808 2139 879 2182 vel
901 2139 981 2183 Ori
1011 2137 1235 2196 ὑπόμνημα
1266 2139 1503 2194 quoddam,
1536 2152 1623 2194 quo
1653 2150 1726 2182 ca-

174 2212 256 2266 put
283 2209 465 2266 aliquod
494 2209 762 2264 ampliorum
790 2208 1140 2264 Hephaestionis
1171 2222 1357 2263 operum
1388 2207 1614 2263 copiosius
1650 2221 1727 2250 ex-

176 2278 392 2335 plicatum
427 2280 560 2322 esset.
619 2277 712 2321 lllic
743 2291 837 2320 non
864 2277 1247 2333 Hephaestionem
1279 2291 1408 2320 suum
1437 2276 1601 2332 ipsius,
1647 2276 1727 2319 sed

175 2347 427 2403 Longinum
471 2347 539 2391 vel
585 2347 723 2391 Orum
773 2347 1122 2402 Hephaestionis
1153 2346 1448 2390 enchiridium
1494 2346 1728 2389 excitasse.

175 2417 328 2474 Neque
372 2430 478 2460 vero
523 2416 754 2468 habemu5‚
801 2417 920 2472 quod
960 2416 1278 2460 Choerobosco
1320 2417 1588 2471 imputemus
1620 2414 1728 2458 stul-

177 2486 323 2532 titiam
366 2489 458 2530 tam
503 2485 788 2541 singularem,
833 2488 880 2529 ut
920 2486 994 2541 qui
1034 2499 1127 2529 non
1166 2485 1411 2541 dispexerit
1457 2486 1605 2528 utrum
1641 2485 1730 2527 He-

177 2555 384 2612 phaestio
423 2554 564 2611 ipsius
602 2554 765 2598 librum
804 2568 861 2598 an
891 2555 1120 2610 Longinus
1152 2553 1501 2610 Hephaestionis
1533 2566 1730 2597 comme-

178 2624 434 2670 moraverit.
509 2624 654 2676 Quid?
699 2625 818 2680 quod
864 2624 982 2668 idem
1028 2624 1196 2667 diserte
1248 2627 1292 2667 et
1341 2623 1547 2666 consulto
1594 2623 1732 2665 inter-

180 2697 357 2751 pretum
388 2693 612 2751 μαρτυρίας
648 2694 705 2737 ab
738 2694 1085 2749 Hephaestionis
1125 2693 1264 2748 ipsius
1296 2692 1555 2736 testimonio
1587 2704 1730 2747 segre-

180 2763 326 2820 gavit?
384 2763 535 2819 Neque
575 2763 736 2818 opinor
767 2763 1087 2818 Westphalius,
1129 2763 1165 2805 si
1198 2763 1332 2805 modo
1365 2762 1731 2805 Choeroboscum

180 2833 315 2879 huius
373 2833 529 2876 scholii
582 2846 682 2876 esse
732 2835 961 2876 auctorem
1013 2832 1101 2875 iam
1160 2834 1437 2887 compertum
1489 2830 1733 2881 habuisset,

181 2901 438 2948 huiusmodi
461 2902 763 2947 coniecturam
787 2902 1097 2957 excogitasset.
1159 2902 1297 2945 Immo
1326 2900 1464 2944 mullo
1488 2899 1733 2955 simplicius

304 3053 328 3094 ¹)
352 3055 397 3090 cl'.
422 3053 532 3090 etiam
558 3054 680 3090 Hense
707 3054 727 3089 Ι.
755 3067 784 3089 ιτ.
811 3066 844 3099 p.
875 3055 947 3089 151.
