2196 3438
1179 279 1232 323 72

436 424 619 478 (Speng.
651 422 684 465 11
715 421 812 472 244,
837 422 881 474 εὶ)
912 420 1030 475 apud
1061 419 1156 462 eius
1189 419 1457 463 scholiastes
1489 432 1581 463 non
1612 433 1715 471 raro
1745 421 1996 478 deprehen-

439 491 577 541 ditur;
617 491 669 533 cs.
703 490 755 532 VI
792 504 834 544 p.
866 490 963 540 491,
999 489 1050 531 15
1089 501 1184 544 sqq.
1226 492 1270 532 et
1307 489 1403 540 246,
1435 488 1545 543 24¹)
1605 489 1813 536 Ceterum
1844 491 1996 538 rheto-

440 574 536 604 rum
567 560 621 602 de
643 562 876 610 commate,
909 558 1023 610 c010,
1053 557 1241 612 periodo
1272 561 1512 613 praecepta
1532 561 1575 602 et
1597 558 1713 603 inter
1734 574 1783 605 se
1803 559 1996 609 maxime

439 630 679 679 variantur,
725 641 882 683 neque,
929 640 1028 670 curn
1073 626 1411 671 fundamentum
1458 627 1755 674 distribuendi
1800 629 1997 686 syllabis,

439 712 529 742 non
576 697 851 752 temporibus
897 696 1201 748 contineatur,
1250 696 1308 739 ad
1359 710 1452 740 rem
1499 697 1731 742 metricam
1777 701 1996 754 spectant·

439 769 583 812 Unum
618 770 789 809 tantum
821 766 966 808 locum
999 765 1239 820 proferam,
1270 779 1402 820 quem
1431 766 1551 809 unde
1576 765 1785 821 petiverit
1806 757 1998 816 Ioannes

442 836 652 880 Siceliota
696 836 764 878 vel
811 835 908 878 eius
947 837 1103 877 auctor
1155 833 1324 878 nescio.
1392 835 1629 879 Enarratio
1673 849 1701 879 a
1743 827 1915 885 Walzio
1945 836 1999 882 vl

447 906 539 957 127,
575 906 624 947 13
657 918 753 960 sqq.
786 905 1073 959 neglegenter
1101 903 1326 958 descripta
1357 904 1419 947 sic
1452 904 1734 949 emendanda
1763 908 1852 949 est:

554 973 704 1017 Κῶλον
734 972 866 1016 τοίνυν
895 974 969 1015 καὶ
997 970 1143 1029 κόμμα
1177 972 1251 1015 καὶ
1287 971 1428 1029 στίχος
1461 971 1577 1029 παρὰ
1618 973 1692 1030 μὲν
1729 979 1812 1026 τοῖς
1853 972 2001 1032 ῥυθμι-

441 1050 529 1095 κοῖς
566 1044 613 1098 (1)
658 1043 716 1100 τῷ
761 1042 897 1099 μέτρῳ
940 1046 1015 1098 τῆς
1057 1038 1288 1098 ποσότητος
1324 1039 1506 1098 ὥρισται.
1545 1042 1688 1099 στίχος
1723 1041 1806 1100 γὰρ
1834 1042 2002 1102 λέγιται

442 1113 488 1156 τὸ
519 1111 602 1155 ἀπὸ
633 1112 676 1164 ἓξ
707 1111 960 1168 συνεστηκὸς
990 1111 1204 1168 συζυγιῶν,
1236 1111 1272 1154 εἰ
1300 1109 1574 1169 τρισύλλαβος
1602 1113 1668 1169 εἴη
1708 1109 1732 1155 ὃ
1769 1111 1873 1165 ποὺς
1901 1106 1925 1156 ὃ
1953 1111 2001 1157 τό

445 1182 591 1239 μέτρον
619 1183 692 1224 καὶ
713 1179 782 1224 τὸν
807 1180 949 1238 στίχον
969 1179 1210 1235 ποδίζων·’)
1232 1179 1456 1224 ἐπέλαττον
1475 1181 1535 1235 δὲ,
1554 1181 1687 1238 τριῶν,
1709 1181 1746 1225 εἰ
1764 1178 2005 1240 δισύλλαβοι

443 1253 588 1307 εἴησαν
618 1251 657 1293 οἱ
685 1248 822 1305 πόδες,
854 1248 908 1301 ῶς
939 1250 1006 1292 ἐπὶ
1035 1249 1231 1308 ἰαμβικοῦ
1260 1250 1334 1292 καὶ
1367 1250 1596 1307 τροχαϊκοῦ
1634 1250 1708 1293 καὶ
1736 1250 1901 1295 ἰωνωιοῦ
1929 1251 2004 1295 ’καὶ

447 1319 725 1377 χοριαμβικοῡ
762 1319 835 1361 καὶ
863 1322 943 1361 τῶν
971 1317 1111 1361 ἄλλων
1139 1319 1269 1375 χωρὶς
1305 1321 1380 1361 τοῦ
1417 1317 1563 1361 ἑπικοῦ
1600 1319 1674 1361 καὶ
1710 1317 1784 1363 τοῦ
1816 1318 2006 1365 αἰολικοῦ

446 1390 519 1431 καὶ
557 1389 636 1432 τῶν
675 1387 794 1430 εἰδῶν
832 1382 979 1430 αὐτῶν.
1019 1382 1130 1444 ἀφ’θ)
1174 1386 1218 1439 ἓξ
1262 1387 1336 1445 μὲν
1378 1385 1465 1431 τὸν
1506 1385 1544 1430 δ’
1590 1379 2007 1447 ἀπαμειβόμενος

445 1457 683 1514 προσέφη
711 1455 873 1508 πόδας
892 1454 1036 1499 καὶτὰ
1058 1455 1206 1513 ὲξῆς·4)
1230 1454 1312 1499 ἀπὸ
1333 1455 1455 1500 πέντε
1477 1455 1600 1514 μέχρι
1618 1456 1692 1500 τοῦ
1712 1451 2006 1515 ῶκύς<Ἇ>ῧγ

447 1526 529 1570 ἀπὸ
560 1523 772 1583 τεσσάρων
801 1527 848 1569 δὲ
879 1525 1001 1583 μέχρι
1030 1525 1103 1568 τοῦ
1133 1524 1309 1577 πόδας·
1341 1520 1426 1568 ἀπὸ
1453 1527 1573 1582 τριῶν
1600 1525 1668 1569 δέ·
1698 1524 1783 1570 τὸν
1812 1524 1850 1570 δ’
1881 1524 2008 1571 ἀπα·

446 1595 758 1654 μειβόμενος
784 1595 1119 1652 προσέ[φη].“)
1144 1595 1210 1638 ἐπὶ
1231 1595 1277 1637 δὲ
1303 1594 1497 1653 ἰαμβικοῦ
1521 1593 1640 1647 ώςτὸ
1660 1594 1856 1653 καθαρὸν
1872 1596 2009 1655 τρίμο-

447 1680 555 1722 τρον.
600 1663 647 1707 τὸ
686 1666 733 1708 δὲ
771 1663 1085 1721 ἐλαττον<ὂν>7)
1122 1668 1202 1707 τῶν
1247 1663 1380 1720 τριῶν,
1419 1664 1456 1707 εἰ
1492 1665 1566 1721 μὲν
1596 1664 1762 1717 ,τελείας
1803 1657 1895 1723 ἔχει
1935 1663 2010 1718 τοὶς

448 1733 654 1790 συζυγίας,
685 1733 822 1776 κῶλον
847 1733 1013 1790 λέγεται
1036 1727 1091 1784 ῶς
1120 1731 1167 1775 τὸ
1196 1727 1379 1789 ἡρώων
1418 1728 1631 1788 αὕ[τούς
1668 1733 1750 1789 δὲ]
1781 1733 1940 1790 ἐστιν’)
1972 1734 2011 1778 οἰ

448 1804 495 1846 δὲ
525 1800 599 1860 μή,
628 1801 785 1860 κόμμα.
794 1803 828 1859 ⁹)
847 1835 856 1845 .
875 1836 884 1845 .
903 1836 913 1845 .
945 1800 1083 1846 οὐκέτι
1114 1800 1378 1859 μονόμετρον·
1413 1801 1461 1845 τό
1490 1800 1573 1859 γὰρ
1612 1801 1862 1846 δακωλικὸν
1890 1801 2010 1861 μονό-

448 1886 596 1930 μετρον
626 1867 705 1914 οὐκ
734 1872 835 1928 ἔχει.

564 1942 629 1984 Ex
660 1941 858 1984 metricis
890 1939 1040 1984 latinis
1072 1941 1203 1995 longe
1241 1940 1452 1995 plurima,
1490 1943 1540 1983 ut
1580 1940 1714 1993 solet,
1753 1935 2009 1987 Victorinus

449 2018 509 2067 (p.
530 2012 599 2063 53,
621 2011 803 2062 26—56‚
829 2011 897 2065 14)
927 2010 1125 2065 praebet,
1155 2009 1274 2064 apud
1305 2023 1437 2065 quem
1467 2009 1748 2053 diversorum
1777 2011 2011 2057 auctorum

450 2080 615 2136 placita
646 2079 835 2122 confusa
863 2082 996 2134 atque
1026 2078 1247 2134 permixta
1277 2081 1394 2121 sunt.
1460 2078 1583 2121 Idem
1618 2081 1795 2132 auctor,
1831 2092 1886 2124 ex
1924 2093 2013 2136 quo

450 2149 736 2204 Aphthonius
767 2162 809 2203 p.
841 2148 909 2200 54,
940 2149 1082 2191 8—16
1113 2147 1345 2190 enuntiata
1385 2147 1496 2199 „erit
1536 2147 1683 2203 itaque
1722 2148 1883 2191 colon“
1914 2162 2012 2205 sqq.

452 2218 619 2274 petivit,
665 2218 864 2272 perlucet
911 2217 956 2259 in
987 2217 1296 2260 Fortunatiani
1327 2217 1475 2260 verbis
1514 2230 1555 2271 p.
1595 2217 1693 2269 282,
1723 2217 1943 2271 27—283,
1973 2219 2012 2262 3.

570 2356 595 2402 ¹)
621 2358 665 2392 cf.
693 2356 803 2391 etiarn
828 2356 902 2391 loa.
928 2355 1049 2391 Tzetz.
1075 2355 1097 2391 l.
1125 2367 1154 2390 c.
1181 2367 1214 2400 p.
1240 2356 1319 2396 316,
1348 2356 1392 2390 10
1415 2365 1498 2400 sqq.

566 2415 596 2461 ¹)
622 2417 667 2451 cf.
693 2414 762 2450 Rh.
787 2424 841 2460 gr.
867 2414 914 2449 VI
941 2414 1018 2455 168,
1043 2413 1087 2448 27
1119 2416 1257 2459 εἴρηται
1286 2413 1369 2458 γάρ,
1406 2411 1456 2455 ῶς
1486 2413 1549 2448 ἐὰν
1581 2415 1635 2458 εἴη
1666 2412 1756 2456 ποῦς
1783 2413 2014 2459 τρισύλλαβος

453 2477 597 2519 συζυγία
621 2476 774 2518 λέγεται.
1576 2486 1582 2491 ·

568 2532 597 2578 ⁸)
620 2528 678 2575 ἀφ’
708 2532 847 2577 scripsi,
874 2529 924 2575 ἐφ’
955 2532 1035 2567 cod.

569 2591 598 2635 ⁴)
623 2590 762 2626 Eodem
789 2590 957 2636 exemplo
984 2590 1038 2625 usi
1064 2594 1150 2625 sunt
1174 2590 1236 2625 alii
1262 2601 1411 2635 quoque
1437 2589 1538 2625 velut
1562 2589 1679 2625 schol.
1703 2589 1823 2635 Heph.
1848 2597 1874 2622 α
1896 2600 1931 2635 p.
1948 2589 2009 2625 141

456 2650 502 2685 ad
527 2650 582 2690 47,
607 2650 659 2694 10,
685 2659 844 2693 quocum
870 2649 1039 2683 conferas
1065 2649 1134 2684 Rh.
1161 2660 1212 2693 gr.
1240 2648 1285 2683 VI
1310 2648 1389 2689 237,
1414 2648 1469 2683 27.

571 2708 599 2752 θ)
617 2704 663 2741 ’Δ
689 2707 822 2742 addidi.

572 2765 600 2810 ⁶)
625 2777 673 2809 φη
700 2765 843 2800 uncinis
867 2765 1001 2810 saepsi.

573 2824 601 2868 ⁷)
625 2823 665 2858 ὀν
690 2823 825 2859 addidi.

574 2883 601 2927 ⁸)
626 2884 743 2916 κῶλον
766 2884 919 2926 λέγεται,
943 2879 992 2924 ὡς
1014 2881 1055 2916 τὸ
1085 2880 1213 2926 ἡρῷον·
1247 2878 1377 2924 αὐτοὺς
1408 2884 1449 2916 δέ
1479 2883 1579 2915 ἐστιν·
1618 2879 1716 2921 cod.;
1753 2880 1894 2916 correxi
1930 2880 2015 2917 oon.

457 2940 527 2976 Rh.
553 2952 604 2985 gr.
632 2941 677 2975 VI
700 2941 780 2981 496,
804 2941 860 2975 29.

575 2998 603 3043 ⁹)
627 2998 715 3033 Post
740 2998 863 3042 κόμμα
889 3001 926 3033 et
951 2998 1158 3043 exemplum
1183 3001 1220 3033 et
1244 3009 1363 3043 pauca
1386 2997 1461 3034 alia
1484 2996 1710 3032 interierunt.
