2196 3438
1176 314 1231 356 54
1296 373 1341 377 -...

427 472 615 514 cumque
662 457 832 500 notatio
873 456 915 498 in
956 466 1140 496 censum
1179 452 1330 496 venire
1374 455 1546 507 potest,
1591 451 1743 496 docuit
1779 450 1987 508 scriptor,

428 542 515 583 quo
552 530 682 582 paeto
724 525 795 568 hic
842 525 896 567 de
942 522 1267 567 consuetudine
1306 521 1455 578 aliqua
1498 520 1764 576 loquitur?¹)
1835 519 1988 576 Pergit

429 596 621 650 scriptor
652 595 735 637 sic·
767 591 788 635 ὃ
816 593 889 635 καὶ
917 590 1076 648 μᾶλλον
1106 590 1271 634 ἐπὶτῶν
1290 588 1534 647 ποιημάτων
1551 587 1634 633 τῶν
1654 591 1988 647 unvamma&

427 662 631 721 γίνεταιφ
601 662 798 719 ..ιαπφοῡς
828 675 872 704 τε
902 661 975 702 καὶ
999 658 1290 738 Ἀνακρέοντος
1318 661 1392 702 καὶ
1416 658 1610 702 Ἀλκαίου
1630 659 1674 702 h.
1696 671 1734 702 e.
1757 657 1989 711 „carmina

430 733 707 776 diversorum
741 734 985 773 inetiorum
1016 742 1111 773 sese
1143 729 1348 807 excipere
1381 728 1522 783 inagis
1552 741 1638 771 usu
1667 727 1790 772 venit
1818 727 1867 773 in
1889 740 1987 772 car-

428 802 622 845 minibus
654 799 1051 854 monostrophicis,
1082 812 1215 854 quam
1247 798 1292 842 in
1327 798 1554 854 epodicis“
1559 830 1568 840 .
1629 796 1841 844 Osannus
1869 796 1917 853 (l.
1946 810 1985 842 c.

429 886 469 926 p.
491 872 563 922 62)
584 869 707 931 ‘nihil
738 869 949 911 dubitans
979 869 1088 911 haec
1111 868 1247 911 verba
1272 881 1354 911 sua
1375 868 1492 920 fecit,
1523 870 1569 911 at
1590 866 1864 910 contrariam
1883 878 1987 911 sen-

428 940 612 984 tentiam
651 951 802 982 veram
843 951 943 981 esse
982 939 1180 993 apparet.
1249 937 1504 992 Perpaucae
1541 935 1743 992 quamvis
1774 933 1987 992 reliquiae

428 1010 622 1051 Graecae
652 1020 844 1062 poeseos
875 1010 1069 1050 aetatem
1099 1005 1296 1058 tulerint,
1327 1005 1446 1061 apud
1475 1005 1721 1048 Pindarum
1751 1017 1809 1047 ne
1846 1003 1988 1059 semel

430 1077 607 1133 quidem
655 1075 854 1119 carmina
889 1074 1071 1130 paribus
1103 1074 1259 1117 metris
1299 1073 1482 1116 condita
1525 1075 1787 1126 occurrunt,
1831 1074 1990 1118 contra

429 1146 546 1202 apud
591 1146 882 1200 Sapphonem
930 1143 1127 1187 universi
1181 1143 1281 1186 libri
1337 1142 1497 1186 eodem
1548 1144 1691 1186 metro
1743 1141 1988 1198 conscripti

429 1218 576 1265 erant;
615 1215 669 1256 cs.
708 1214 852 1269 Heph.
890 1227 932 1268 p.
971 1213 1040 1265 25,
1076 1213 1117 1255 4.
1155 1212 1224 1263 35,
1262 1212 1289 1254 6
1326 1212 1411 1264 W„
1448 1212 1555 1255 Mar.
1594 1211 1708 1255 Plot.
1746 1211 1794 1255 in
1823 1211 1896 1256 GL
1931 1211 1988 1255 Vl

427 1299 469 1340 p.
515 1284 613 1335 546,
665 1285 705 1337 9,
752 1282 895 1337 Bergk
946 1282 1054 1325 PLG
1099 1281 1175 1324 111⁴
1220 1293 1262 1336 p.
1308 1281 1363 1323 82
1409 1294 1475 1335 sq.
1548 1280 1656 1324 Inde
1705 1279 1827 1336 quod
1867 1279 1989 1338 apud

431 1352 680 1403 Horatium,
711 1354 759 1395 ut
790 1351 845 1394 de
876 1350 1036 1394 ordine
1067 1349 1320 1392 Catulliano
1351 1351 1539 1401 taceam,
1569 1348 1771 1393 variandi
1791 1347 1989 1393 studium

434 1421 683 1476 principem
715 1421 863 1463 locum
893 1422 1029 1470 tenet,
1060 1419 1115 1462 de
1145 1418 1317 1473 graecis
1349 1416 1566 1473 exemplis
1606 1417 1715 1461 certi
1746 1417 1989 1475 quidquam

430 1505 520 1534 non
553 1488 861 1544 collegerini.²)
921 1488 1010 1532 Sed
1033 1487 1209 1531 etiamsi
1239 1487 1338 1542 quis
1369 1486 1491 1530 aliud
1521 1487 1700 1539 sentiat,
1730 1489 1851 1531 certe
1880 1485 1991 1531 illud

429 1559 623 1616 μᾶλλον
653 1572 913 1614 perversum
944 1561 1025 1601 est.
1086 1557 1202 1612 Ergo
1224 1559 1301 1599 aut
1321 1559 1465 1599 totum
1487 1555 1768 1600 enuntiatum
1787 1555 1991 1612 spurium

430 1633 498 1672 est
529 1632 617 1681 aut,
657 1629 702 1671 id
739 1628 858 1684 quod
889 1628 1030 1682 magis
1061 1627 1221 1681 placet,
1255 1626 1510 1681 corruptela
1540 1626 1659 1669 inest
1690 1626 1737 1669 in
1767 1625 1987 1671 vocabulo

429 1697 600 1755 μᾶλλον,
633 1698 822 1741 forsitan
855 1711 909 1740 ex
939 1695 1310 1739 antecedentibus
1349 1695 1497 1738 verbis
1534 1695 1607 1736 καὶ
1637 1691 1818 1751 μάλιστα
1854 1707 1990 1750 expe-

430 1767 613 1810 dienda:
645 1767 701 1809 ad
724 1779 857 1822 quam
880 1766 1128 1808 sanandam
1149 1767 1298 1807 utrum
1318 1777 1475 1807 vocem
1497 1762 1655 1821 μᾶλλον
1675 1776 1904 1819 expungas
1928 1776 1990 1807 an

430 1838 634 1879 lacunam
666 1839 836 1879 statuas
878 1848 936 1877 an
973 1834 1094 1877 aliud
1130 1834 1315 1876 verbum
1355 1833 1620 1885 substituas,
1666 1845 1760 1876 non
1798 1832 1991 1876 multum

430 1906 629 1958 interest,
659 1918 758 1947 cum
790 1918 862 1948 res
893 1904 951 1947 ad
977 1903 1194 1959 liquidum
1214 1902 1398 1957 perduci
1420 1904 1624 1957 nequeat.
1673 1901 1876 1957 Denique
1895 1901 1990 1945 noli

431 1976 663 2029 neglegere
694 1973 892 2017 carmina
920 1973 1054 2028 paulo
1085 1975 1189 2015 ante
1218 1968 1482 2028 μονόστροφα
1501 1974 1660 2014 vocata
1679 1971 1752 2014 hic
1772 1970 1992 2027 appellari

431 2040 751 2100 μονοστροφικά.
791 2043 1047 2098 Sequuntur
1067 2055 1110 2096 p.
1131 2041 1270 2084 XXIX
1300 2040 1465 2083 15—17
1488 2041 1620 2083 haec:
1648 2039 1716 2082 ἐπὶ
1738 2039 1787 2082 δὲ
1804 2037 1990 2083 vnvm-

430 2112 553 2155 καίου
585 2112 694 2163 ἰδίως
730 2110 839 2154 κατὰ
871 2112 944 2168 μὲν
973 2109 1048 2167 τήν
1072 2106 1400 2166 Ἀριστοφάνειον
1438 2109 1604 2152 ἔκδοσιν
1642 2107 1886 2166 ἀστερίσκος
1922 2108 1991 2153 ἐπὶ

434 2181 719 2238 ἑτερομετρίας
756 2181 918 2223 ἐτίθετο
957 2177 1098 2236 μόνης,
1136 2178 1247 2222 κατὰ
1282 2177 1331 2221 δὲ
1367 2178 1443 2235 τήν
1471 2182 1540 2222 νῦν
1576 2178 1653 2234 τήν
1683 2177 1990 2236 Ἀριστάρχειον

432 2251 505 2292 καὶ
542 2251 608 2293 ἐπὶ
646 2248 888 2306 ποιημάτων
928 2248 1174 2306 μεταβολῆς.
1223 2249 1551 2304 Aristophanes
1582 2247 1716 2303 igitur
1753 2249 1801 2291 in
1835 2247 1990 2292 Alcaei

435 2319 643 2371 editione,
683 2321 720 2362 si
762 2320 1004 2374 insequens
1049 2331 1230 2361 carmen
1278 2317 1446 2372 dispari
1494 2320 1637 2360 metro
1685 2316 1991 2374 conscriptum

434 2392 542 2440 erat,
584 2389 628 2431 in
667 2389 789 2432 exitu
827 2388 1039 2432 carminis
1081 2387 1326 2443 superioris
1357 2387 1623 2430 asteriscum
1653 2386 1880 2442 appinxit;
1918 2385 1992 2430 sin

433 2458 562 2500 aliter
599 2472 669 2500 res
703 2472 751 2501 se
783 2458 990 2509 habebat,
1022 2457 1157 2500 modo
1187 2458 1476 2511 praeceptum
1506 2470 1548 2511 p.
1579 2455 1719 2499 XXIX
1748 2455 1861 2499 3-5
1889 2467 1991 2499 cum

433 2528 518 2569 hoc
548 2527 648 2570 loco
681 2527 942 2570 consociare
973 2527 1118 2578 liceat,
1159 2525 1420 2568 coronidem
1453 2525 1739 2568 subiunxisse
1764 2523 1991 2579 putandus

434 2599 514 2638 est.
588 2597 709 2639 Haec
762 2596 964 2651 quamvis
1007 2609 1139 2650 aegre
1189 2597 1382 2650 possunt
1426 2597 1578 2638 tamen
1621 2607 1723 2637 cum
1767 2593 1834 2636 eis
1878 2606 1992 2648 quae

436 2678 477 2717 p.
516 2664 653 2706 XXIX
693 2665 832 2707 3—5
878 2664 1245 2719 praescribuntur
1292 2662 1546 2715 conciliari,
1600 2662 1680 2704 sed
1728 2660 1991 2716 gravissime

440 2736 698 2786 repugnant,
730 2747 843 2788 quae
875 2733 929 2775 de
959 2733 1248 2776 Aristarchea
1280 2731 1476 2774 editione
1508 2731 1759 2774 edocemur.
1818 2729 1932 2773 Nam
1952 2729 1991 2772 si

553 2893 578 2938 ¹)
604 2894 790 2929 Asterisco
815 2895 1013 2930 utebantur
1036 2894 1074 2929 in
1099 2893 1188 2929 solis
1214 2893 1435 2928 carminibus
1461 2891 1592 2937 lyricis.

548 2950 577 2995 ²)
604 2952 647 2986 cf.
674 2952 784 2987 etiam
808 2952 850 2988 U.
876 2952 922 2987 de
938 2952 1182 2988 Wilamowitz
1204 2951 1396 2996 Euripides
1412 2949 1591 2986 Herakles
1609 2949 1714 2986 v01.1
1737 2948 1874 2995 (Berol.
1890 2948 1992 2994 1889)

434 3020 467 3053 p.
497 3009 570 3044 140.
