2196 3438
1101 318 1343 382 —5-8„

457 457 545 501 alia
576 458 670 500 eius
702 458 757 500 de
788 471 875 512 quo
899 457 1043 511 agitur
1073 456 1174 500 loci.
1220 456 1397 500 Etenim
1420 455 1509 499 illic
1529 457 1804 513 Hephaestio
1835 457 1887 502 id·
1908 456 2012 513 egit,

457 528 505 569 ut
534 526 657 569 varia
687 525 1030 581 compositionis
1069 538 1233 579 genera
1271 525 1316 568 in
1355 525 1564 580 parabasi
1604 525 1650 569 in
1680 539 1819 570 unum
1848 525 2012 572 collata

456 596 696 650 expediret,
710 597 738 645 ¹)
770 595 840 638 hic
871 597 918 638 ut
949 597 1091 638 totum
1120 595 1394 650 parabaseos
1426 607 1588 649 corpus
1619 595 1832 639 continue
1851 594 2011 651 ,scrip-

456 667 549 707 tum
580 664 700 707 notis
731 665 774 706 in
806 667 956 719 partes
987 663 1229 718 digereret;
1260 664 1315 707 cf.
1347 663 1480 706 etiam
1503 663 1672 707 Caesar
1697 677 1781 708 em.
1811 663 1957 720 Heph.
1975 663 2011 708 11

454 747 497 788 p.
532 734 656 776 XVII.

568 809 631 850 De
672 808 802 851 huius
834 808 1014 863 capituli
1043 809 1103 863 (p.
1130 808 1269 852 XXXI
1299 809 1458 862 7—14)
1488 810 1752 863 argumento
1781 808 1904 864 quod
1928 808 2012 853 ad-

457 879 613 919 notent
667 877 933 932 interpretes
989 890 1081 921 non
1127 877 1308 930 habent,
1353 881 1552 922 attamen
1610 877 1728 922 inest
1776 877 2012 922 difficultas

454 945 645 988 maxime
686 946 1005 990 memorabilis
1073 946 1399 990 Discernuntur
1437 947 1550 990 duae
1589 946 1775 990 notandi
1813 946 2013 991 rationes

457 1027 548 1056 non
580 1028 709 1057 secus
742 1028 793 1057 ac
825 1015 914 1058 duo
935 1016 1217 1070 parabaseon
1248 1029 1425 1070 genera.
1483 1016 1638 1060 Altera
1656 1015 1890 1071 parabasis
1910 1028 2012 1072 sep-

454 1085 542 1125 tem
572 1086 722 1138 partes
753 1085 1049 1139 amplectitur,
1087 1085 1229 1128 altera
1266 1085 1438 1129 duabus
1469 1085 1639 1128 ultimis
1670 1088 1740 1128 est
1769 1082 2012 1129 deminuta.

452 1152 530 1194 llla
570 1156 638 1195 est
678 1153 787 1195 satis
826 1154 1099 1208 pervulgata,
1144 1155 1255 1197 haec
1300 1167 1446 1210 neque
1491 1167 1610 1197 nunc
1654 1166 1845 1210 usquam
1889 1153 2012 1198 extat

453 1234 596 1276 neque
626 1234 823 1277 unquam
855 1223 1058 1266 extitisse
1094 1222 1281 1266 videtur.
1351 1223 1522 1266 Contra
1565 1222 1848 1266 desideratur
1891 1221 2014 1267 aliud

453 1290 728 1344 parabaseos
760 1304 900 1345 genus
932 1291 1052 1347 quod
1081 1293 1256 1334 tantum
1288 1304 1381 1334 non
1411 1290 1606 1346 legitime
1635 1293 1741 1346 post
1768 1291 2013 1346 parabasin

455 1358 673 1413 integram
713 1359 958 1410 inducitur;
1004 1360 1058 1403 cf.
1098 1360 1239 1403 schol.
1276 1360 1372 1403 Hel.
1413 1360 1460 1402 in
1500 1360 1730 1415 Aristoph.
1788 1359 1868 1403 Av.
1902 1359 2012 1403 1058

455 1424 630 1469 εἰώθασι
677 1426 782 1484 μετὰ
828 1427 904 1483 τὴν
949 1427 1111 1470 τελείαν
1155 1425 1391 1486 παράβασιν
1435 1427 1765 1484 ὲπιρρηματικῆν
1800 1428 2014 1472 ποιεῖσθαι

454 1495 660 1553 συζυγίαν.
721 1497 770 1540 Si
802 1497 909 1552 quid
938 1497 1069 1540 video
1098 1510 1170 1540 res
1201 1497 1264 1540 ita
1294 1497 1559 1552 explicanda
1596 1500 1678 1540 est.
1736 1497 2012 1554 Hephaestio

452 1564 590 1622 τελείᾳ
633 1563 883 1623 παραβάσει,
930 1580 1062 1622 quam
1101 1580 1143 1621 p.
1182 1566 1336 1609 XXVII
1377 1567 1428 1609 16
1466 1569 1800 1620 commemorat,
1844 1567 2012 1611 nullam

453 1637 620 1678 certam
657 1636 932 1690 parabaseos
971 1635 1202 1678 mutilatae
1241 1635 1431 1679 formam
1469 1635 1679 1690 opposuit
1716 1648 1862 1691 neque
1899 1649 2013 1692 quae

453 1718 500 1747 re
542 1718 649 1747 vera
685 1705 966 1759 parabaseon
1006 1705 1236 1748 schemata
1273 1705 1393 1759 apud
1436 1707 1594 1759 poetas
1625 1707 1915 1749 occurrerent
1942 1705 2012 1749 in·

451 1773 645 1828 quisivit,
677 1774 757 1816 sed
789 1774 1133 1817 ratiocinatione
1153 1787 1261 1816 usus
1290 1774 1347 1817 ab
1368 1774 1541 1828 integra
1567 1774 1776 1828 parabasi
1805 1773 2013 1818 distinxit

455 1842 607 1884 omnia
637 1856 813 1897 genera,
846 1857 958 1898 quae
990 1844 1074 1886 hac
1103 1843 1173 1885 vel
1203 1843 1281 1885 illa
1308 1845 1435 1898 parte
1474 1843 1656 1898 dempta
1686 1843 1875 1887 evadere
1903 1857 2010 1899 pos-

451 1914 564 1954 sent.
624 1912 690 1954 Ex
730 1912 889 1967 quibus
926 1915 976 1955 ut
1015 1915 1185 1955 certum
1225 1911 1334 1954 illud
1372 1925 1512 1966 genus
1554 1911 1599 1954 in
1638 1912 1783 1967 capite
1813 1912 1908 1969 περὶ
1935 1925 2011 1968 ση-

451 1979 574 2036 μείων
604 1981 825 2036 seligeret,
856 1994 909 2023 eo
940 1981 1159 2024 adductus
1190 1984 1272 2033 est,
1311 1981 1432 2037 quod
1461 1981 1537 2023 illa
1568 1981 1712 2024 forma
1741 1981 2012 2036 singularem

453 2049 707 2103 requirebat
738 2050 1031 2094 notationem.
1092 2050 1306 2094 Conferas
1338 2049 1472 2093 etiam
1503 2063 1616 2105 quae
1646 2049 1766 2094 infra
1793 2063 1837 2105 p.
1868 2049 1927 2093 64
1954 2049 2013 2093 de

449 2119 723 2172 parabaseos
755 2119 989 2168 notatione
1021 2119 1253 2162 disseram.

563 2199 790 2243 Hactenus
838 2200 894 2243 de
931 2200 1283 2255 Hephaestionis
1329 2199 1626 2243 enarratione.
1687 2200 1735 2242 In
1779 2198 2012 2243 Heliodori

453 2268 715 2312 colometria
758 2269 1090 2325 Aristophanea
1139 2270 1213 2325 qui
1267 2269 1426 2312 fuisset
1472 2272 1680 2312 notarum
1725 2268 2011 2312 metricamm

450 2350 557 2379 usus
573 2342 875 2393 exposuerunt
892 2352 993 2382 cum
1010 2339 1320 2382 Thiemannus
1338 2341 1432 2382 tum
1447 2338 1644 2381 Hensius
1665 2338 1693 2380 l.
1710 2351 1747 2380 c.
1766 2351 1811 2393 p.
1827 2337 1969 2380 35—7
1973 2338 2010 2390 1,

453 2419 596 2460 neque
626 2410 768 2450 totam
799 2408 915 2450 hanc
947 2408 1257 2463 quaestionem
1289 2408 1516 2450 revolvere
1546 2407 1657 2449 mihi
1689 2406 1735 2449 in
1755 2406 1908 2449 animo
1927 2409 2011 2463 est,

453 2488 720 2530 quamquam
742 2476 787 2519 in
809 2477 888 2530 eis,
920 2490 1032 2532 quae
1054 2477 1248 2520 Hensius
1269 2476 1468 2531 protulit,
1501 2475 1720 2518 nonnulla
1749 2477 1867 2527 sunt,
1897 2487 2012 2532 quae

453 2543 600 2586 minus
632 2545 850 2598 placeant.
911 2546 1074 2588 Verum
1113 2559 1205 2588 non
1236 2558 1436 2600 possum,
1469 2544 1576 2600 quin
1606 2543 1762 2599 paucis
1794 2555 1923 2599 agam
1954 2543 2010 2586 de

450 2612 620 2655 ratione
652 2613 768 2656 inter
798 2615 1056 2658 notationes
1086 2615 1403 2658 Heliodoream
1435 2617 1568 2670 atque
1597 2612 2010 2668 Hephaestioneam

457 2681 772 2734 intercedente,
798 2684 1008 2739 quoniam
1030 2698 1189 2739 pamm
1211 2686 1330 2727 recte
1355 2684 1466 2727 mihi
1486 2683 1662 2726 videtur
1679 2681 1875 2725 Hensius
1899 2681 2015 2725 iudi-

572 2841 595 2886 ¹)
621 2844 666 2877 ci'.
685 2844 801 2880 schol.
819 2845 875 2891 (V)
888 2845 1075 2890 Aristoph.
1089 2845 1181 2881 Nub.
1196 2846 1266 2881 518
1278 2848 1352 2891 εἴδη
1376 2847 1416 2880 δὲ
1439 2844 1676 2890 παραβάσεων
1699 2843 1800 2879 ἑπτά·
1824 2842 1923 2879 ἁπλᾶ
1948 2845 2012 2889 μὲν

448 2903 537 2942 τρία,
563 2901 657 2935 κατὰ
683 2904 723 2936 δὲ
749 2906 864 2948 σχέσιν
888 2906 1044 2947 τέσσαρα
1073 2906 1155 2946 κτλς
1194 2904 1293 2949 quod
1327 2903 1496 2939 scholion
1527 2914 1572 2938 ex
1602 2901 1879 2948 Hephaestione
1916 2901 2009 2938 deri·

450 2961 573 2992 vatum
600 2970 681 2994 esse
707 2961 915 3005 negandum
942 2965 1014 3002 est;
1039 2962 1188 2997 Aristot.
1207 2962 1384 3006 problem.
1410 2962 1436 2997 1.
1452 2960 1534 2996 XIX
1551 2972 1581 2997 c.
1602 2961 1644 2996 15
1668 2959 1723 2995 ὅτι
1753 2963 1787 2995 οἱ
1818 2962 1880 3004 μὲν
1909 2959 2012 3005 νόμοι

448 3012 645 3059 ἀγωνιστῶν
668 3018 770 3062 ἦσαν,
797 3043 804 3050 .
821 3044 850 3051 ..
875 3017 899 3063 ἡ
925 3016 998 3064 ᾠδὴ
1026 3022 1165 3063 ἐγένετο
1191 3020 1314 3064 μακροὶ
1338 3022 1401 3054 καὶ
1425 3019 1629 3063 πολυειδής.
