2196 3438
965 319 1022 363 63

319 457 524 513 io
529 460 667 502 ante
680 457 972 502 Heliodorum
1001 457 1217 512 viguisse
1234 458 1506 514 intellegitur
1539 472 1596 503 ex
1624 463 1773 504 vetere

120 498 134 583 ἠγ
189 453 524 587 3²⁸⁰
414 525 495 581 (V)
528 526 633 570 Pac.
663 525 748 571 775
783 523 832 568 τὸ
858 539 893 582 χ
919 523 1024 581 πρὸς
1059 524 1136 582 τὴν
1165 523 1356 583 ἀλλαγὴν
1383 530 1457 570 τοῦ
1486 525 1650 584 μέτρου,
1693 529 1769 572 ubi

74 607 81 635 -j
96 591 159 643 ’ἐξ
183 603 377 658 κω
375 594 511 651 diple
536 607 774 651 perperam
803 595 1021 650 scriptum
1058 609 1159 638 esse
1195 595 1425 651 perspexit
1459 595 1515 640 H.
1545 596 1771 640 Schrader

129 659 342 726 bouq,
370 675 417 719 p.
459 664 529 714 25.
573 664 645 708 57.
713 663 912 708 Omnino
954 664 1226 708 Hellodorus
1271 678 1366 708 non
1402 678 1569 709 novum
1598 679 1770 710 morem

151 727 389 785 *las
424 732 641 776 exarandi
678 732 890 788 notisque
925 731 1230 788 distinguendi
1259 733 1447 787 induxit,
1485 734 1567 777 sed
1603 735 1767 790 partim

157 807 430 857 flumme
464 801 556 845 iam
592 801 640 845 in
675 801 1084 846 Alexandrinorum
1122 802 1396 845 editionibus
1434 803 1482 846 in
1510 816 1596 846 usu
1625 807 1768 856 erant,

170 869 400 926 uomit,
427 870 593 926 partim
622 883 689 921 ea,
721 883 835 926 quae
865 870 913 913 in
943 870 1008 914 eis
1038 871 1095 914 ab
1115 871 1217 914 aliis
1237 871 1367 914 aliter
1386 874 1431 914 et
1449 872 1621 926 passim
1638 886 1769 917 usur-

214 942 216 945 ’
332 941 509 1002 etant,
553 939 602 983 in
639 942 807 983 certam
836 943 980 982 artem
1010 939 1192 994 redegit.
1201 940 1234 994 ¹)
1291 940 1458 983 Vereor
1500 943 1667 992 tamen,
1712 955 1769 984 ne

310 1067 314 1069 ‚
364 1054 379 1065 ‚-
453 1021 557 1052 cum
586 1011 796 1052 notarum
824 1021 957 1052 usum
985 1009 1042 1051 ab
1074 1009 1199 1052 omni
1225 1012 1355 1064 parte
1375 1009 1461 1052 sibi
1483 1013 1766 1054 constantem

407 1103 424 1127 .·
455 1077 702 1125 interdurn
745 1077 866 1120 velut
909 1077 957 1120 in
1002 1078 1142 1121 schol.
1194 1077 1297 1120 Pac.
1344 1078 1518 1121 1270—
1529 1079 1640 1122 1316
1691 1079 1766 1134 (cf.

458 1146 488 1192 l.
518 1158 556 1191 e.
583 1160 629 1202 p.
659 1147 736 1196 95;
767 1147 908 1189 schol.
939 1146 1019 1201 Eq.
1054 1147 1232 1190 1-246.
1262 1147 1536 1202 997-1110)
1566 1161 1658 1191 non
1689 1162 1765 1192 ex-

76 944 108 991 ζ’,

505 1214 588 1259 sed
614 1213 909 1259 Heliodorum
938 1215 1196 1258 correxerit.

210 1305 247 1351 μ»
252 1303 332 1347 ἡ,
307 1271 584 1337 ‚firminum
640 1283 684 1336 ἐξ
738 1281 891 1341 ὁμοίιον
949 1284 1150 1339 singulos
1203 1281 1492 1340 περιορισμοός
1547 1285 1763 1341 distingui

206 1352 397 1415 mulis
423 1353 718 1411 paragraphis
747 1353 1024 1409 Hephaestio
1055 1354 1220 1404 docuit.
1250 1367 1381 1409 quem
1411 1367 1585 1397 morem
1612 1354 1765 1398 Helio-

56 1458 62 1468 ,,
205 1420 339 1492 m
356 1435 536 1479 quoque
563 1422 898 1475 vindicaverim,
934 1423 1112 1466 etiamsi
1151 1422 1271 1466 illius
1301 1423 1535 1477 vestigium
1566 1423 1613 1466 in
1644 1424 1765 1467 colo-

70 1510 71 1514 ’
206 1480 370 1554 m
402 1492 575 1536 nullum
611 1492 842 1536 remansit.
905 1492 1058 1547 Neque
1094 1492 1216 1535 enim
1254 1495 1373 1535 recte
1409 1492 1605 1535 Hensius
1634 1506 1678 1548 p.
1707 1494 1763 1536 52

206 1558 428 1611 iit-schol.
456 1561 530 1616 (V)
558 1561 640 1617 Eq.
668 1561 756 1604 498
783 1574 867 1616 pro
898 1561 1018 1616 diple
1038 1561 1269 1604 substituit
1288 1560 1465 1638 haplen.
1524 1562 1653 1616 Diple
1672 1562 1763 1604 illic

206 1626 327 1686 idm
338 1629 490 1682 locum
519 1630 668 1682 habet,
698 1630 820 1686 quod
848 1629 1132 1683 Heliodorus,
1172 1643 1273 1673 cum
1302 1629 1500 1685 priorem
1527 1629 1762 1685 periodum

206 1689 545 1773 anapaesticam
579 1699 897 1756 προπμπτικῆς
926 1712 1113 1743 numero
1149 1699 1349 1751 haberet,
1392 1698 1621 1756 κομμάτων
1648 1699 1693 1743 h.
1724 1712 1762 1742 e.

203 1754 368 1841 dim
400 1765 639 1826 παράβασιν
674 1768 779 1811 inde
817 1768 998 1812 demum
1027 1781 1055 1810 a
1091 1782 1225 1812 versu
1252 1769 1336 1812 503
1367 1768 1564 1824 incipere
1594 1767 1761 1811 diserte

326 1835 342 1847 ”
435 1836 607 1881 similis
637 1837 826 1880 notandi
857 1837 1045 1880 rationis
1075 1837 1280 1892 exempla
1310 1837 1537 1891 congessit
1561 1837 1758 1880 Hensius

204 1916 272 1975 p.
255 1885 333 1949 ’61
365 1918 434 1963 sq.
491 1905 542 1948 In
559 1905 770 1961 parabasi
789 1905 1059 1950 Heliodorus
1079 1909 1185 1950 ante
1212 1905 1408 1962 συζυγίαν
1434 1903 1761 1962 ἐπιρρηματικήν

209 1954 368 2051 pannii.
391 1972 544 2029 diplen
572 1974 830 2030 pariterque
858 1973 1100 2032 κομμάτιον,
1131 1973 1260 2031 αὐτὴν
1286 1975 1362 2031 τὴν
1397 1973 1645 2032 παράβασιν,
1674 1980 1760 2017 πνῖ·

211 2053 299 2110 ,ῖς
329 2041 518 2098 singulis
562 2041 696 2098 diplis
742 2044 1003 2099 segregavit,
1045 2044 1123 2086 ubi
1168 2043 1357 2087 diversis
1387 2043 1542 2086 metris
1582 2043 1764 2086 condita

211 2105 355 2157 erant.
412 2109 500 2154 Ubi
542 2110 673 2154 aliter
717 2124 790 2155 res
835 2124 884 2155 se
927 2112 1084 2155 habuit
1127 2112 1247 2155 velut
1289 2112 1398 2155 Ach.
1429 2125 1496 2155 w.
1527 2113 1611 2155 628
1650 2126 1761 2168 sqq,

206 2160 342 2224 notas
397 2178 564 2222 omisit.
647 2179 789 2223 Nullis
844 2193 946 2224 eum
1002 2181 1124 2224 notis
1180 2179 1508 2238 ἐπιρρηματικήν
1563 2180 1759 2237 συζυγίαν

206 2239 470 2292 distinxisse
505 2247 580 2292 vix
619 2248 900 2301 crediderim,
939 2250 1114 2293 etiamsi
1153 2263 1266 2305 quae
1303 2249 1468 2293 fuerint
1507 2253 1640 2293 notae
1670 2249 1758 2292 dici

205 2329 301 2361 non
330 2316 419 2360 iam
449 2317 616 2373 possit,
623 2316 657 2372 ¹)
687 2318 743 2360 cs.
772 2318 924 2361 Hense
954 2332 996 2374 p.
1027 2320 1084 2361 68
1114 2333 1180 2396 sq.
1247 2319 1392 2362 Aliam
1431 2318 1652 2362 rationem
1689 2319 1757 2361 in-

204 2385 398 2430 eundam
428 2399 531 2429 esse
562 2387 737 2430 censuit
757 2386 1047 2442 Hephaestio,
1078 2387 1167 2442 qui,
1198 2400 1297 2431 cum
1328 2387 1561 2442 parabasis
1591 2387 1756 2430 ultimis

318 2546 347 2592 ¹)
371 2546 581 2583 Putaverim
604 2546 679 2582 iarn
694 2545 980 2592 Aristophanem
1004 2546 1220 2592 Byzantium
1244 2546 1280 2582 in
1302 2545 1450 2583 Pindari
1469 2550 1580 2593 atque
1599 2547 1754 2584 Simoni·

200 2603 260 2644 db
293 2604 517 2642 carminibus
555 2603 727 2651 periodos
764 2607 803 2640 et
837 2604 919 2640 cola
942 2604 1091 2650 saepius
1115 2606 1260 2640 &nucu
1282 2608 1319 2640 et
1343 2606 1495 2641 nouem
1517 2606 1754 2652 expressisse.

198 2661 294 2704 lain
322 2663 610 2709 Aristophanem
647 2662 730 2698 sola
760 2662 843 2698 cola
873 2663 1079 2709 respexisse
1110 2673 1155 2698 ex
1186 2662 1293 2699 Dion.
1318 2662 1398 2699 Hal.
1431 2664 1478 2699 de
1508 2674 1627 2710 comp.
1652 2665 1752 2702 verb.

198 2731 280 2770 ap.
318 2720 376 2759 22.
413 2721 460 2757 26
495 2722 595 2767 (pag.
630 2721 711 2756 312.
745 2720 817 2756 ⁴³0
852 2721 952 2766 Sch.)
986 2721 1136 2757 minime
1166 2721 1343 2767 sequitur,
1379 2725 1508 2757 contra
1532 2732 1616 2758 eum
1641 2722 1752 2758 etiam

198 2777 434 2827 fidorum
466 2778 647 2815 rationem
678 2778 854 2815 habuisse
884 2782 921 2814 et
952 2782 1101 2825 propter
1131 2778 1207 2815 alia
1236 2782 1452 2823 argumenta
1477 2779 1671 2816 verisimile
1695 2784 1752 2816 est

71 2828 106 2889 ’μ’
191 2838 240 2882 4
257 2840 413 2892 popter
435 2837 542 2873 Dion.
566 2836 648 2873 Hal
675 2837 722 2872 de
746 2847 866 2883 comp.
891 2836 991 2873 verb.
1015 2847 1097 2882 cap.
1124 2837 1176 2873 19.
1201 2837 1247 2872 25
1270 2838 1319 2882 (p.
1336 2837 1531 2872 260-262.
1555 2838 1751 2884 susm).

64 2932 70 2943 .
111 2896 145 2931 ἓ
199 2893 249 2940 da
268 2894 406 2942 quibus
430 2894 522 2932 locis
546 2895 642 2931 inti-a
665 2894 926 2941 disputabitur:
950 2895 997 2931 cr.
1021 2894 1132 2931 etiam
1157 2894 1213 2931 W.
1237 2894 1462 2937 Brambach,
1488 2894 1752 2941 Rhythmische

67 2957 70 2963 ’
130 2975 139 2988 ·
195 2953 276 3004 'id
296 2953 495 2991 metri-che
519 2953 850 2999 Untersuchungen
875 2953 988 2999 (Lips.
1015 2953 1117 2998 1871)
1142 2964 1175 2998 p.
1199 2953 1247 2988 60
1269 2963 1351 2999 sqq.
1380 2953 1445 2988 123
1468 2964 1526 3000 sq.

314 3010 346 3059 ¹>
370 3022 404 3048 v.
428 3011 545 3048 schol.
570 3011 655 3048 Pac.
683 3011 783 3048 1127.
832 3010 1000 3056 Eq.-551.
1027 3011 1127 3047 1263.
1174 3010 1264 3047 Ach.
1288 3012 1367 3047 665.
1392 3010 1473 3047 971.
