2196 3438
1214 307 1270 351 46

471 463 567 492 sum
599 461 763 491 nomen
794 443 1085 503 συστηματικά
1115 446 1288 490 addidit
1320 445 1453 489 simili
1493 445 1666 490 ratione
1697 446 1856 491 ductus
1887 449 2022 503 atque

466 532 506 573 p.
523 518 675 561 XXVII
696 518 720 559 2
739 530 803 571 sq.
829 516 884 558 ad
903 514 951 557 τὰ
974 513 1047 572 μέν
1068 515 1272 559 adiunxit
1293 515 1557 558 vocabulum
1587 514 1773 573 ἐφόμνια,
1804 515 1863 560 ad
1890 514 1945 559 τὰ
1974 513 2021 559 δά

467 587 727 629 vocabulum
752 581 1101 641 ἐπιφθεγματικά.
1131 584 1250 628 Idem
1269 584 1493 640 quomodo
1509 587 1590 627 τῶν
1606 584 1809 641 μετρικῶν
1828 582 2021 628 ἀτάκτων

470 655 817 710 descriptionem
850 652 1099 707 corruperit
1135 653 1351 697 illustravi
1383 667 1424 709 p.
1456 653 1513 696 24
1533 666 1599 708 sq.
1659 653 2022 698 Emendaverunt

468 724 605 779 ipsius
644 721 919 777 'grammatici
962 722 1099 765 verba
1135 735 1293 777 pamm
1333 722 1557 765 subtiliter
1594 722 1834 768 scribentis
1870 722 2020 767 West-

465 793 662 848 phalius,
702 804 800 834 cum
841 805 882 845 p.
922 791 1014 834 Xlll
1051 791 1079 833 6
1137 790 1209 834 τοῦ
1239 788 1366 834 αὐτοῦ
1411 794 1455 834 et
1498 795 1572 847 τῆς
1617 789 1744 848 αὐτῆς
1787 791 2020 845 insereret,

469 875 580 917 quae
619 874 762 916 neque
804 861 994 903 Tzetzae
1034 873 1179 915 neque
1219 861 1474 904 scholiastis
1514 863 1620 903 nota
1658 863 1775 913 sunt,
1811 860 2020 913 Hensius,

468 944 566 973 cum
598 943 640 984 p.
670 929 844 973 XXVIII
876 931 902 971 5
933 931 1038 972 ante
1068 927 1296 986 κομμάτιον
1326 930 1553 985 suppleret
1582 930 1656 971 καὶ
1674 929 1838 986 πρῶτον
1865 929 1940 987 μὶν
1958 925 2019 972 τό.

467 1015 509 1055 p.
539 999 674 1043 XXI1
705 998 971 1041 vocabulum
997 996 1252 1055 συστήμασιν
1267 1011 1349 1054 pro
1365 999 1513 1041 εἴδεσιν
1527 999 1584 1041 ab
1603 1001 1865 1054 excerptore
1880 997 2023 1054 scrip-

465 1073 556 1111 tum
575 1082 673 1111 esse
691 1070 809 1110 recte
828 1067 938 1110 mihi
960 1067 1135 1110 videtur
1150 1067 1346 1111 Hensius
1363 1067 1633 1121 coniecisse,
1671 1080 1816 1123 neque
1837 1066 2020 1111 dubium

465 1142 545 1189 est,
585 1138 691 1193 quin
730 1137 786 1179 ab
831 1136 989 1179 eodem
1028 1137 1271 1180 nonnullae
1310 1136 1564 1180 huiusmodi
1610 1136 1861 1179 locutiones
1899 1134 2022 1180 velut

463 1221 503 1261 p.
543 1206 598 1249 XI
644 1207 688 1248 11
731 1206 825 1261 περὶ
861 1205 917 1247 ὦν
933 1204 1117 1262 ἐροῦμεν,
1156 1219 1197 1260 p.
1229 1205 1321 1248 VIII
1340 1205 1370 1248 4
1398 1203 1453 1256 ώς
1481 1203 1691 1261 προιόντες
1718 1203 1905 1262 δείξομεν
1938 1203 2019 1248 ad-

462 1276 581 1318 dItae
598 1275 699 1317 sint.
760 1274 879 1316 Idem
908 1273 1084 1317 videtur
1100 1275 1408 1318 conformasse
1429 1274 1708 1317 enuntiatum
1737 1287 1780 1329 p.
1810 1273 1852 1317 X
1871 1273 1900 1316 8
1920 1270 2038 1328 sqq.'

467 1342 737 1400 Δεδειγμένου
768 1343 815 1385 δὲ
844 1340 942 1399 ἡμῖν
969 1342 1008 1385 τί
1035 1342 1080 1385 τὲ
1111 1342 1195 1385 ἐστι
1225 1342 1366 1399 στίχος
1393 1343 1467 1384 καὶ
1495 1343 1534 1385 τί
1552 1341 1696 1399 κόμμα
1714 1342 1789 1384 καὶ
1815 1341 1855 1385 τί
1880 1340 2019 1385 κῶλον

466 1414 539 1455 καὶ
567 1412 605 1454 τί
627 1410 830 1469 σύστημα,
862 1412 908 1454 in
940 1425 1027 1467 quo
1058 1411 1196 1454 κῶλον
1226 1415 1329 1455 ante
1367 1409 1511 1469 κόμμα
1550 1412 1772 1455 collocare
1810 1411 2018 1466 debuiw)

463 1483 553 1526 Sed
590 1482 725 1524 etiam
764 1482 809 1523 in
841 1494 1003 1535 genere
1042 1481 1219 1524 dicendi
1251 1482 1467 1524 nonnulla
1497 1481 1695 1532 mutavit,
1734 1480 1819 1524 etsi
1856 1480 1903 1523 in
1933 1480 2018 1524 hac

464 1565 509 1594 re
557 1554 770 1606 quantum
819 1550 998 1605 ingenio
1037 1564 1118 1593 suo
1157 1550 1394 1594 indulserit
1432 1563 1524 1594 non
1569 1550 1658 1593 iam
1705 1549 1763 1593 ad
1799 1548 2014 1593 amussim

463 1621 549 1664 dici
594 1623 756 1675 potest.
833 1619 962 1662 Velut
1007 1620 1053 1662 in
1099 1619 1348 1663 enchIridio
1393 1619 1595 1675 quamvis
1644 1618 1867 1674 permulta.
1911 1631 2017 1674 pro·

466 1691 666 1733 ferantur
694 1688 896 1743 exempla
927 1688 982 1731 iis
1012 1701 1156 1744 neque
1173 1690 1310 1732 verba
1328 1685 1530 1744 καθάπερ
1550 1688 1610 1743 (p.
1634 1687 1749 1731 XVII
1774 1688 1823 1740 Ως
1852 1686 1953 1732 XXI
1969 1687 2016 1744 2)

461 1762 536 1802 aut
565 1755 691 1815 λόγου
729 1755 850 1814 χάριν
887 1758 947 1812 (p.
985 1757 1066 1800 XX
1104 1759 1176 1808 11;
1214 1758 1350 1802 XXIV
1384 1759 1452 1812 10)
1481 1757 1828 1812 praemittuntur
1867 1769 2012 1813 neque

461 1828 534 1870 καὶ
561 1826 612 1870 τὰ
643 1826 737 1882 ἑξῆς
766 1827 826 1881 (p.
855 1826 951 1870 XIV
985 1827 1054 1878 123
1092 1827 1191 1870 XXI
1228 1828 1273 1882 6)
1313 1827 1651 1881 subiunguntur.
1709 1826 1759 1869 ln
1788 1838 2017 1871 commen-

465 1898 579 1940 tario
600 1910 643 1951 p.
664 1897 758 1939 XlV
783 1895 804 1940 1
827 1895 986 1950 legitur
1015 1893 1070 1947 ὥς
1099 1895 1142 1938 ἐν
1170 1895 1228 1952 τῷ
1257 1891 1353 1952 παρ’
1379 1894 1559 1951 Ἀλκαίῳ
1588 1894 1753 1952 ᾄσματι,
1781 1908 1824 1950 p.
1850 1894 1968 1938 XXV
1989 1894 2014 1938 7

461 1964 546 2008 οἶόν
592 1965 676 2008 ἐστι
712 1963 759 2007 τὸ
796 1963 912 2021 παρὰ
955 1963 1142 2020 Σαπφοῖς
1187 1965 1462 2020 Hephaestio
1508 1965 1664 2008 maluit
1715 1964 1863 2008 dicere
1898 1961 2017 2020 παρὰ

462 2033 674 2091 Πραξίλλῃ
706 2034 748 2077 ἐν
778 2030 1051 2091 διθυράμβοις
1090 2034 1151 2088 (p.
1186 2035 1251 2087 11,
1300 2034 1351 2076 16
1380 2033 1468 2088 W.)
1505 2036 1582 2076 aut
1620 2029 1704 2076 οἶόν
1741 2032 1826 2076 ἐστι
1861 2032 1936 2075 καὶ
1966 2026 2015 2077 τὸ

461 2100 739 2160 Καλλιμάχου
777 2103 837 2158 (p.
875 2104 943 2156 21,
986 2104 1004 2146 1
1048 2103 1135 2158 W.)
1170 2103 1240 2146 vel
1280 2102 1425 2146 simile
1464 2102 1582 2157 quid.
1642 2101 1845 2146 Indidem
1873 2100 2015 2156 expli-

462 2173 667 2224 caverim,
705 2173 823 2227 quod
861 2172 907 2214 in
946 2172 1267 2215 commentario
1307 2175 1352 2215 et
1396 2172 1580 2215 verbum
1619 2169 1762 2214 καλεῖν
1798 2169 1873 2224 (cf.
1903 2182 1943 2215 e.
1971 2183 2013 2226 g.

462 2256 503 2296 p.
535 2242 606 2284 VII
641 2242 707 2297 10)
741 2245 785 2284 et
813 2238 1136 2298 προσαγορεύειν
1165 2241 1225 2296 (p.
1255 2240 1314 2284 IX
1343 2242 1391 2292 Q
1419 2240 1591 2283 XXVIII
1621 2240 1666 2294 9)
1705 2239 1751 2281 In
1780 2252 1866 2283 usu
1895 2241 2014 2293 sunt,

463 2324 561 2353 cum
593 2311 638 2353 in
670 2311 918 2354 enchiridio
951 2311 1096 2353 solum
1127 2310 1310 2354 verbum
1340 2308 1485 2352 καλεῖν
1514 2308 1691 2351 circIter
1721 2306 2013 2364 quinquagies

463 2379 644 2433 legatur.
704 2380 814 2422 Illud
855 2392 1031 2434 quoque
1070 2393 1123 2422 ex
1154 2378 1430 2434 grammatici
1472 2378 1589 2420 illius
1629 2376 1909 2432 neglegentia
1937 2389 2013 2420 ex·

459 2448 714 2502 pediverim,
745 2449 865 2503 quod
903 2462 945 2503 p.
977 2449 1074 2491 XIII
1101 2449 1130 2492 4
1161 2449 1376 2503 scriptum
1408 2450 1475 2490 est
1518 2445 1540 2489 ὁ
1570 2445 1786 2503 Μαργίτης
1809 2443 2015 2503 Ὁμήρου,

458 2531 556 2559 curn
589 2518 632 2559 in
664 2518 987 2560 commentario
1018 2518 1034 2559 I
1069 2531 1111 2572 p.
1142 2518 1197 2560 IV
1231 2518 1282 2560 16
1314 2517 1422 2559 insit
1451 2514 1474 2558 ὁ
1504 2515 1720 2572 Μαργίτης
1743 2513 1767 2557 ὁ
1796 2511 2011 2571 είςὍμη-
2100 2535 2103 2538 ·

459 2599 530 2640 ρον
560 2584 877 2643 ἀναφερόμενος.
888 2586 921 2641 2)
981 2586 1101 2629 Idem
1133 2586 1308 2629 titulum
1335 2583 1634 2641 Ἡφαιστίωνος
1652 2584 1746 2641 περὶ
1772 2579 2016 2640 ποιημάτων

462 2654 610 2697 libello
648 2655 863 2709 praefixit,
902 2656 986 2698 etsi
1026 2655 1299 2710 Hephaestio
1346 2654 1443 2697 sine
1482 2654 1617 2696 dubio
1655 2652 1750 2709 περὶ
1787 2650 2018 2708 ποιήματος

581 2782 605 2826 Ι)
632 2783 732 2818 Idem
770 2783 1007 2827 neglegenter
1042 2794 1077 2828 p.
1115 2783 1227 2818 XVIII
1252 2783 1274 2818 3
1312 2781 1504 2826 περιῳδικά
1539 2784 1625 2816 ante
1655 2779 1874 2824 παλινῳδικά
1905 2779 2018 2816 collo-

461 2840 566 2875 cavit.

574 2897 603 2935 2)
644 2898 695 2933 Ex
737 2899 897 2934 metricis
935 2899 1069 2939 latinis,
1112 2910 1268 2943 quorum
1312 2899 1513 2944 principem
1553 2899 1741 2933 auctorem
1777 2896 2015 2932 HeIIodomm

461 2966 604 2990 sumere
642 2958 909 2997 consuevimus,
947 2969 1054 2992 nemo
1095 2968 1175 2991 cum
1214 2957 1335 3002 priore
1373 2956 1635 2991 commentario
1673 2955 1775 2997 facit3
1813 2955 1858 2990 cf.
1884 2954 1944 2990 GL
1970 2955 2016 2990 vl

461 3025 495 3057 p.
521 3016 575 3054 68,
606 3014 646 3047 14
671 3028 751 3060 sqq.
779 3018 833 3056 79,
863 3016 921 3055 IQ
951 3018 1026 3056 133,
1051 3016 1112 3055 31;
1139 3016 1217 3056 ⁶:286,
1243 3017 1282 3056 35
1308 3016 1386 3055 633.
1406 3016 1467 3056 2&
1484 3015 1563 3055 634,
1579 3015 1613 3049 5.
