2196 3438
1206 292 1264 335 44

458 436 663 479 mentarii
696 435 710 477 1
748 434 865 476 exitu
907 430 1121 474 remansit
1159 443 1249 474 non
1282 430 1427 473 solum
1458 429 1739 473 enuntiatum
1769 428 2008 485 integrum,

460 506 539 548 sed
571 504 677 548 illud
708 504 851 558 ipsum
892 500 1171 544 enuntiatum
1217 498 1374 555 capitis
1421 497 1607 542 alicuius
1652 501 1722 542 est
1768 497 2009 550 conclusio,

462 577 593 629 caput
625 573 768 628 ipsum
799 570 974 624 amplae
1005 568 1303 612 enarrationis
1334 591 1390 599 —
1420 580 1583 623 nempe
1613 566 1861 612 carminum
1896 565 2009 610 med

459 642 600 699 σχέσιν
638 638 954 694 descriptionis
990 662 1048 669 —
1083 639 1152 681 est
1190 639 1452 680 extremum.
1513 636 1631 691 Ergo
1668 635 1723 680 de
1753 648 1861 680 casu
1890 635 2010 691 cogi·

459 715 555 755 tare
586 710 677 753 fere
714 708 955 751 absurdum
988 709 1070 759 est,
1109 708 1154 749 et
1189 718 1246 749 ne
1275 706 1459 749 alterius
1490 705 1671 761 quidem
1701 704 2011 750 commentarii

459 779 724 835 principium
772 789 878 819 casu
923 789 1023 819 esse
1069 775 1379 818 detruncatum
1425 774 1542 818 infra
1585 773 2009 819 demonstrabimus.

459 851 627 891 Contra
670 846 744 901 qui
783 843 1199 888 commentariuml
1239 843 1522 899 conscripsit,
1561 856 1662 886 cum
1699 856 1755 886 ex
1791 842 2009 899 ampliore

459 918 533 960 illa
562 914 846 959 enarratione
877 914 933 956 ab
963 912 1299 968 Hephaestione
1329 912 1590 968 appendicis
1630 913 1729 955 loco
1760 910 2008 956 enchiridio

461 986 707 1036 subiuncta,
753 983 807 1026 de
852 996 939 1038 qua
984 982 1076 1025 dixi
1106 996 1148 1037 p.
1179 983 1236 1025 20
1266 995 1378 1038 sqq„
1417 995 1482 1034 ea,
1522 995 1635 1038 quae
1670 981 1936 1036 gravissima
1964 983 2010 1025 et

458 1054 678 1098 tironibus
710 1051 903 1095 maxime
933 1051 1272 1095 accommodata
1301 1064 1403 1094 esse
1431 1050 1710 1102 videbantur,
1754 1050 2014 1106 excerperet

459 1127 502 1166 et
533 1122 658 1178 quasi
697 1120 901 1163 ultimum
938 1122 1070 1175 caput
1104 1119 1353 1163 enchiridio
1388 1119 1661 1175 adiungeret,
1692 1119 1860 1175 optime
1878 1118 2014 1162 finem

460 1192 576 1243 fecit,
622 1194 860 1246 postquam
905 1189 1153 1232 carminum
1202 1187 1313 1231 κατὰ
1343 1187 1486 1246 σχίσιν
1531 1189 1705 1244 species
1743 1200 1902 1231 omnes
1931 1187 2012 1231 ab·

460 1260 604 1303 solvit.
666 1260 826 1302 Cetera
855 1262 903 1301 ut
933 1261 1008 1301 aut
1039 1258 1173 1301 nimis
1205 1258 1419 1313 impedita
1447 1261 1525 1301 aut
1554 1270 1712 1313 parum
1741 1257 1920 1310 usitata,
1949 1269 2008 1300 ne

459 1330 645 1373 nimium
676 1328 906 1383 discipulis
938 1340 1050 1370 onus
1080 1327 1344 1382 imponeret,
1375 1327 1541 1370 omisit.
1601 1326 1719 1378 Quin
1749 1325 1885 1370 etiam
1914 1325 2012 1382 ipse

459 1399 589 1441 huius
622 1398 684 1441 rei
714 1398 844 1440 testis
876 1399 957 1440 est.
1015 1397 1129 1440 Nam
1157 1396 1295 1440 verba
1323 1410 1367 1451 p.
1397 1397 1434 1439 V
1467 1397 1513 1439 11
1547 1393 1670 1439 πάλιν
1689 1395 1737 1438 δὲ
1755 1393 2015 1439 ἕκατι-πατῶν

458 1465 764 1523 προειρημένων
807 1464 1126 1522 ὑποδιαιρετέον,
1172 1478 1285 1521 quae
1329 1478 1487 1520 parum
1533 1467 1654 1508 recte
1698 1464 1893 1508 Hensius
1909 1497 1921 1517 ,
1964 1466 2015 1508 ut

460 1536 739 1578 coniecturae
761 1536 817 1578 ab
840 1535 938 1590 ipso
960 1535 1237 1589 excogitatae
1267 1534 1513 1589 adaptaret,
1545 1534 1591 1577 in
1611 1530 1734 1576 πάλιν
1762 1533 1811 1576 δὲ
1838 1533 2017 1578 ἕκαστον

460 1605 569 1660 <τῶν
604 1606 725 1660 τριῶν
753 1601 955 1660 apamia>
999 1603 1080 1646 τῶν
1122 1602 1430 1660 προειρημένων
1473 1600 1780 1658 ὑποδιαιρετέον
1823 1602 2015 1656 deflexit,

460 1688 551 1717 non
591 1674 862 1728 scripsisset,
911 1674 948 1715 si
986 1673 1103 1716 ultra
1143 1673 1342 1715 carmina
1379 1670 1492 1714 κατὰ
1521 1670 1663 1728 σχέσιν
1691 1671 1937 1726 procedere
1966 1671 2014 1715 in

461 1744 610 1786 animo
650 1743 895 1786 habuisset.
955 1742 1106 1797 Neque
1145 1741 1265 1784 enim
1303 1740 1476 1798 μετρικᾶ
1516 1739 1679 1783 ἄτακτα
1717 1753 1862 1796 neque
1890 1738 2017 1798 μικτὰ

461 1809 748 1868 συστηματικά
786 1825 930 1867 neque
967 1809 1086 1854 κοινὰ
1132 1807 1420 1868 συστηματικοί
1459 1811 1505 1853 in
1543 1809 1866 1853 commentario
1894 1809 1932 1853 11
1968 1809 2015 1853 in

462 1881 633 1935 species
673 1881 932 1935 digeruntur
970 1893 1113 1935 neque
1144 1879 1330 1923 omnino
1360 1879 1501 1934 digeri
1530 1881 1734 1935 possunt.
1794 1879 1886 1923 Sed
1912 1891 2014 1922 cum

461 1954 619 2005 postea
664 1950 845 2005 reliquis
898 1949 1136 2005 generibus
1174 1948 1389 2004 neglectis
1427 1948 1535 1991 illud
1564 1961 1703 1991 unum
1740 1947 1890 1991 verbis
1919 1959 2015 1991 am-

461 2020 669 2073 plexurus
702 2021 835 2070 esset,
867 2018 986 2074 quod
1015 2018 1305 2073 praecipuum
1336 2020 1454 2069 erat,
1491 2017 1797 2071 indiligentius
1832 2016 1880 2059 in
1915 2016 2016 2061 uni-

462 2101 637 2130 versum
668 2088 845 2130 illorum
876 2100 1088 2142 generum
1119 2087 1294 2142 singula
1332 2099 1486 2129 rursus
1526 2086 1572 2129 in
1604 2086 1777 2141 species
1808 2084 2016 2129 distribui

460 2170 595 2211 posse
626 2157 751 2200 dixit.

575 2225 793 2267 Universa
825 2225 1135 2268 commentarii
1164 2225 1182 2267 I
1212 2224 1386 2267 indoles
1418 2223 1669 2268 doctrinam
1697 2223 1866 2267 bonam
1893 2225 2016 2267 aeta-

460 2297 637 2349 temque
675 2294 794 2336 haud
833 2294 967 2336 nimis
1006 2296 1231 2337 recentem
1268 2292 1397 2348 sapit.
1458 2293 1568 2336 Eam
1607 2305 1720 2347 quae
1765 2292 1814 2335 in
1844 2292 2013 2337 nostris

462 2363 689 2405 codicibus
710 2362 871 2417 legitur
891 2362 1127 2406 enchiridii
1152 2362 1464 2405 recensionem
1496 2361 1719 2404 diversam
1740 2373 1843 2404 esse
1869 2361 1928 2406 ab
1947 2373 2015 2414 ea,

464 2446 549 2486 qua
569 2432 776 2474 utebatur
798 2432 1164 2483 Choeroboscus,
1194 2444 1308 2486 quae
1329 2431 1419 2474 iam
1449 2430 1547 2485 ipsa
1569 2429 1745 2473 mendis
1767 2429 2015 2482 laborabat,

463 2500 619 2552 quibus
645 2500 787 2543 nostri
813 2501 991 2543 codices
1018 2503 1185 2552 carent,
1216 2499 1541 2542 demonstravit
1563 2498 1816 2554 Voltzius.¹)
1862 2498 2015 2554 Itaque

466 2569 676 2623 quoniam
707 2569 970 2623 Longinum,
999 2569 1243 2612 Aristidem
1274 2567 1612 2620 Quintilianum,
1641 2567 1825 2611 Atilium
1857 2567 2018 2611 Fortu-

464 2637 706 2689 natianum,
745 2638 930 2681 Marium
962 2638 1239 2681 Victorinum
1270 2637 1520 2680 doctrinam
1550 2637 1645 2693 περὶ
1672 2633 1903 2694 ποιήματος
1929 2650 2013 2692 pro

463 2706 714 2748 necessaria
744 2706 854 2749 artis
885 2707 1096 2749 metricae
1126 2709 1252 2761 parte
1273 2706 1486 2749 habuisse
1518 2719 1653 2760 supra
1683 2704 1878 2757 ostendi,
1909 2717 2011 2749 cum

581 2876 605 2921 ¹)
647 2877 699 2911 De
741 2877 845 2911 Helia
885 2877 1082 2918 Monacho,
1120 2878 1247 2913 Isaaco
1284 2877 1483 2919 Monacho.
1522 2876 1769 2912 Ps.-Dracone
1808 2875 2014 2922 (Al-tentor.

466 2935 565 2979 1886)
590 2946 623 2980 p.
652 2935 704 2970 16.
745 2934 958 2970 Accuratius
984 2936 1030 2971 de
1056 2936 1249 2972 enchiridii
1273 2935 1564 2982 Hephaestionei
1589 2935 1686 2980 apud
1711 2934 2013 2971 Choerohoseum

463 2993 638 3027 memoria
662 2993 736 3027 alio
760 2993 843 3028 loco
869 3004 987 3038 agam.
