2196 3438
1098 348 1154 353 ,
1206 288 1365 352 42—

459 434 670 476 iecturam
700 434 742 474 et
771 444 836 476 ea.
866 441 978 483 quae
1008 440 1087 482 per
1108 429 1252 470 totum
1275 424 1644 469 commentarium
1674 426 1688 466 l
1722 424 2009 481 conspicitur,

459 500 728 556 aequalitate
782 502 824 541 et
870 495 1082 550 singulari
1128 494 1432 546 similitudine,
1475 506 1589 549 quae
1632 494 1748 538 inter
1780 493 2010 550 utriusque

458 569 766 614 commentarii
781 571 860 610 τῶν
873 567 1206 622 μονοστροφικῶν
1219 563 1528 607 enarrationes
1545 562 1794 617 intercedit,
1806 562 2010 619 redargui

462 638 881 683 demonstravimus.
942 635 1122 677 Certum
1161 633 1391 677 Heliodori
1436 632 1672 687 vestigium
1718 632 1766 676 in
1801 634 1898 677 tota
1933 630 2011 675 illa

458 708 676 764 particula
707 719 761 748 ne
793 718 930 748 unum
969 703 1149 759 quidem
1186 702 1550 758 deprehenditur.
1609 701 1884 745 Vocabulum
1920 698 2012 744 ἰδία

460 778 503 820 in
548 774 775 819 Heliodori
817 772 1077 828 fragmentis
1117 785 1174 815 ne
1212 772 1350 815 semel
1382 772 1562 827 quidem
1591 769 1868 826 deprehendi
1897 768 2010 819 dixu

459 846 721 889 vocabulum
742 841 933 899 περίοδος
964 841 1008 884 in
1029 841 1260 884 Heliodori
1292 840 1554 884 colometria
1584 842 1654 883 sat
1683 842 1754 883 est
1787 836 2011 894 fremens,

459 919 504 958 at
548 917 721 957 tantum
766 912 908 962 abest,
953 913 1002 953 ut
1047 910 1187 953 solius
1229 909 1459 954 Heliodori
1508 909 1638 952 suerit
1676 907 1919 964 proprium,
1963 909 2012 950 ut

457 987 613 1027 contra
643 982 729 1025 iam
763 981 866 1023 inde
897 980 952 1023 ab
983 979 1310 1035 antiquissimis
1339 978 1617 1034 temporibus
1647 976 1866 1021 vocabula
1891 977 2012 1020 certae

460 1051 650 1108 περίοδος
680 1053 722 1093 et
750 1049 928 1103 κῶλονῐ)
958 1061 1047 1091 una
1079 1047 1124 1091 in
1157 1048 1324 1091 scholis
1346 1047 1530 1091 musicis
1551 1046 1838 1090 Doriensium
1868 1043 2011 1089 homi·

458 1135 562 1163 num
602 1119 860 1163 circumlata
898 1118 1002 1160 sint.
1070 1116 1176 1160 Inde
1213 1118 1434 1160 fluxerunt
1472 1119 1515 1159 et
1554 1116 1600 1159 in
1636 1118 1778 1159 artem
1821 1113 2011 1158 rhetori-

458 1189 595 1244 cam²)
627 1192 670 1231 et
701 1189 744 1230 in
778 1187 1057 1242 disciplinam
1090 1186 1332 1229 metricam.
1391 1186 1543 1241 Neque
1574 1199 1626 1228 ea
1657 1188 1751 1228 tum
1782 1183 1928 1227 inerat
1964 1181 2012 1226 in

459 1260 543 1302 hoc
574 1258 788 1300 vocabulo
819 1257 902 1311 viS,
934 1269 1046 1311 quae
1087 1256 1131 1298 in
1171 1255 1419 1298 carminum
1457 1254 1500 1306 ἐξ
1538 1252 1690 1311 ὁμοίων
1726 1252 2011 1296 enarratione

460 1327 674 1378 occurrit,
714 1327 792 1369 sed
833 1338 925 1368 non
965 1337 1094 1368 secus
1132 1327 1264 1379 atque
1304 1338 1357 1367 eo
1397 1325 1452 1367 de
1490 1337 1577 1380 quo
1609 1322 1873 1366 disserimus
1909 1321 2011 1365 loco

462 1396 723 1452 significavit
753 1394 911 1451 μέτρων
941 1390 1187 1450 συναγωγήν
1207 1394 1274 1436 vel
1298 1394 1582 1448 stropharum
1604 1391 1830 1447 quoddam
1848 1403 2011 1446 genum

458 1466 575 1522 quod
607 1478 706 1508 cum
737 1478 792 1507 ex
822 1463 923 1506 aliis
954 1463 1086 1506 rebus
1117 1466 1211 1506 tum
1243 1475 1297 1504 ex
1337 1463 1435 1504 colo
1467 1460 1676 1517 opposito
1714 1458 2012 1516 cognoscitur.

459 1536 515 1578 Ut
559 1534 646 1577 alia
682 1533 900 1584 omittam,
938 1531 1049 1575 haec
1093 1527 1288 1587 περιόδου
1334 1530 1459 1574 notio
1506 1528 1857 1585 deprehenditur
1892 1527 2013 1586 apud

461 1603 721 1659 Dionysium
742 1601 1166 1645 Halicarnasensem
1190 1600 1235 1642 in
1266 1599 1383 1652 libri,
1414 1599 1488 1655 qui
1510 1602 1580 1642 est
1599 1598 1654 1641 de
1685 1596 2012 1654 compositione

459 1673 709 1723 verborum,
733 1684 827 1726 cap.
855 1671 917 1712 19.
940 1670 1007 1713 25.
1030 1669 1085 1712 26
1115 1669 1174 1724 (p.
1206 1669 1285 1712 261
1307 1683 1397 1724 sq.;
1427 1669 1532 1722 3843
1561 1668 1646 1711 418
1677 1667 1745 1711 ed.
1767 1665 2012 1722 Schaet‘er),

460 1746 502 1785 et
534 1743 578 1784 in
611 1741 719 1791 eius,
752 1753 882 1795 quem
917 1738 1097 1793 scripsit
1129 1738 1183 1780 de
1213 1738 1256 1781 vi
1278 1737 1455 1780 dicendi
1476 1735 1808 1788 Demosthenis,
1840 1748 1935 1792 cap.
1954 1734 2013 1779 50

459 1811 561 1863 (vol.
593 1810 646 1852 VI
691 1824 732 1864 p.
769 1810 889 1860 1110,
938 1808 957 1850 1
993 1821 1090 1863 sqq.
1137 1807 1206 1850 ed.
1250 1806 1445 1861 Reiske).
1504 1806 1572 1848 De
1617 1803 1815 1848 metricis
1859 1803 2011 1848 latinis

458 1880 531 1933 (cf.
562 1879 632 1922 GL
666 1879 716 1921 VI
747 1891 788 1932 p.
821 1878 889 1928 59,
922 1877 960 1920 7.
991 1877 1087 1928 295,
1119 1876 1163 1930 9)
1194 1875 1311 1918 infra
1340 1873 1524 1930 agam‚³)
1553 1888 1705 1918 verum
1736 1887 1792 1917 ne
1821 1873 1896 1917 ille
1915 1873 2012 1930 qui·

461 1948 562 1991 dem
609 1947 801 2002 scriptor
847 1945 977 1988 nobis
1024 1945 1163 1997 deest,
1203 1945 1292 2000 qui,
1331 1957 1431 1987 cum
1469 1957 1587 1987 nunc
1627 1942 1806 1999 quidem
1835 1944 2013 1998 praeter

461 2015 805 2071 Hephaestionis
837 2014 1135 2057 enchiridium
1165 2014 1289 2057 solus
1310 2013 1565 2056 universam
1585 2013 1838 2056 doctrinam
1858 2010 2013 2056 metri-

463 2099 558 2127 cam
589 2098 748 2140 graeco
776 2096 984 2127 sermone
1009 2083 1222 2126 continuo
1245 2082 1511 2125 illustratam
1542 2082 1768 2137 praebeat,
1804 2081 1852 2124 in
1879 2092 2013 2123 voca·

458 2154 572 2196 bulis
610 2153 893 2208 potissimum
926 2152 1218 2195 sollemnibus
1258 2151 1419 2194 summi
1459 2163 1636 2206 semper
1672 2148 1891 2193 momenti
1929 2151 2011 2201 est,

458 2223 678 2265 Aristides
710 2221 1026 2273 Quintilianus.
1087 2221 1237 2276 Neque
1269 2221 1387 2263 enim
1418 2220 1654 2271 Aristides,
1686 2232 1786 2262 cum
1814 2232 1857 2274 p.
1887 2218 1956 2270 37,
1984 2218 2012 2260 6

459 2292 544 2345 (ed.
574 2292 706 2345 Jahn)
750 2290 795 2332 τὸ
835 2290 886 2332 ἐκ
915 2289 1072 2347 μέτρων
1110 2289 1311 2346 ἐυπρεπὲς
1348 2286 1540 2346 σύστημα
1584 2287 1808 2331 nominari
1851 2285 2012 2344 ποίημα

460 2361 639 2411 diceret,
679 2373 778 2402 eam
817 2359 927 2402 artis
966 2359 1211 2411 notionem,
1250 2371 1361 2414 quae
1399 2359 1446 2401 in
1485 2357 1808 2401 commentario
1838 2356 1895 2400 de
1923 2368 2012 2411 quo

462 2429 605 2484 agitur
651 2428 781 2480 inest,
826 2428 1044 2471 vocabulo
1091 2425 1282 2484 σύστημα
1313 2427 1559 2470 subiectam
1591 2439 1691 2470 esse
1734 2424 1887 2477 voluit,
1931 2423 2013 2467 sed

461 2498 569 2540 illud
614 2498 758 2539 solum
807 2496 1036 2539 denotavit
1079 2493 1292 2552 ποιήματα
1331 2498 1539 2539 constare
1583 2492 1913 2551 (συνεστηκέναι)
1957 2505 2011 2536 ex

461 2566 628 2616 metris,
668 2579 759 2607 non
797 2579 925 2608 secus
965 2568 1097 2620 atque
1133 2568 1266 2608 antea
1304 2565 1518 2608 docuerat
1547 2567 1689 2607 metra
1719 2564 1926 2606 constare
1956 2574 2011 2604 ex

580 2738 602 2778 Ι)
628 2737 751 2781 κόμμα
788 2737 898 2782 paulo
937 2738 1169 2773 festinantius
1202 2738 1298 2783 apud
1331 2715 1482 2772 Suidam
1513 2747 1546 2771 v.
1577 2734 1813 2780 Θρασύμαχος
1849 2733 2012 2770 inserere

461 2796 575 2830 voluit
600 2795 820 2830 Fritzschius
845 2795 881 2829 in
905 2795 1056 2830 Luciani
1082 2807 1166 2840 opp.
1192 2795 1277 2830 edit.
1302 2795 1492 2840 (Rostoch.
1520 2793 1620 2839 1882)
1644 2792 1716 2828 vol.
1734 2791 1784 2828 111
1799 2792 1822 2827 2
1846 2803 1882 2837 p.
1897 2791 2012 2833 xcu;

464 2854 507 2887 cs.
533 2854 689 2889 eundem
714 2853 760 2887 de
785 2853 945 2888 numeris
970 2853 1149 2888 orationis
1174 2853 1318 2888 solutae
1343 2853 1533 2899 (Rostoch.
1560 2851 1662 2897 1875)
1687 2862 1722 2896 p.
1748 2850 1768 2885 7
1793 2860 1876 2895 sqq.

575 2921 605 2965 ¹)
629 2933 662 2956 v.
689 2922 787 2957 Suid.
813 2922 835 2957 l.
862 2933 891 2958 e.

575 2991 602 3033 ³)
629 2991 672 3025 cf.
699 2991 808 3027 etiam
832 2992 981 3027 Festum
1007 3004 1035 3026 S.
1062 3003 1093 3027 v.
1120 2992 1329 3037 perihodos.
