2196 3438
1233 312 1290 356 80

599 452 810 496 Carmina
840 451 951 494 κατὰ
978 450 1212 507 περικοπὴν
1241 447 1518 509 ἀνομοιομερῆ
1550 451 1650 495 ideo
1689 452 1890 497 notanda
1924 455 2043 506 sunt,

484 522 603 577 quod
651 522 903 564 doctrinam
949 521 1170 564 excultam
1216 534 1317 565 esse
1363 534 1455 564 non
1501 521 1704 575 neglecta
1746 522 1932 578 antiqua
1969 533 2045 566 co-

482 590 659 633 moedia
688 590 837 634 Attica
867 590 1043 633 docent.

595 660 786 703 Maxime
816 660 930 702 mira
967 662 1072 702 suut
1111 653 1363 703 ἀντιθετικοὶ.
1432 659 1705 703 Gravissime
1743 659 1864 704 enim
1901 660 2044 704 offen·

482 729 642 780 dimur,
689 742 788 771 cum
829 727 947 770 inter
985 727 1133 771 media
1171 730 1414 782 systemata
1449 731 1493 770 et
1524 728 1912 783 systematicorum
1942 741 2044 785 spe·

484 798 573 840 cies
606 811 755 840 sermo
788 797 943 839 incidit
974 797 1030 839 de
1068 797 1256 852 singulis
1295 797 1406 840 colis
1452 810 1695 853 eorumque
1733 798 2044 854 responsione.

482 867 632 922 Neque
664 867 916 922 exemplum
938 879 1030 909 non
1050 866 1343 909 memorabile
1364 869 1446 910 est.
1495 866 1622 919 Nam,
1643 867 1751 911 licet
1768 866 2045 923 Hephaestio

483 949 538 978 ne
571 936 615 978 in
647 935 898 978 enchiridio
930 934 1111 990 quidem
1141 949 1168 978 a
1199 934 1473 978 carminibus
1505 935 1593 978 illis
1621 935 1820 990 figuratis
1841 935 2045 991 exempla

482 1007 682 1059 repetere
727 1004 1058 1058 dubitaverit,¹)
1105 1004 1191 1047 hoc
1237 1004 1381 1059 quivis
1432 1004 1552 1047 videt
1596 1017 1690 1047 non
1729 1006 1899 1048 statuta
1940 1017 2042 1048 esse

482 1070 723 1116 ἀντιθετικοί
751 1075 937 1127 propter
975 1086 1115 1115 unum
1154 1072 1263 1115 illud
1301 1086 1482 1116 carmen
1524 1097 1583 1105 -
1626 1069 1908 1116 σπανιώτατον
1944 1085 2047 1116 esse

482 1144 567 1185 hoc
598 1156 738 1197 genus
776 1142 873 1196 ipse
909 1141 1185 1196 Hephaestio
1223 1142 1455 1197 profitetur
1494 1155 1637 1197 neque
1675 1145 1826 1186 cetera
1858 1142 2046 1186 techno—

480 1212 773 1267 paegniorum
803 1224 968 1265 genera
996 1224 1186 1266 usquam
1216 1211 1263 1254 in
1295 1211 1544 1255 carminum
1583 1211 1822 1266 generibus
1861 1223 2045 1255 enume-

482 1282 635 1324 randis
668 1282 714 1324 in
746 1294 931 1324 censum
956 1280 1141 1323 veniunt
1160 1304 1230 1332 -,
1262 1281 1344 1324 sed
1374 1280 1628 1335 exemplum
1657 1280 1924 1324 arcessitum
1944 1293 2047 1324 esse

480 1364 506 1393 a
538 1350 738 1403 Simmia,
768 1353 818 1393 ut
849 1353 1019 1392 certum
1057 1350 1283 1405 quoddam
1321 1349 1509 1406 σχέσεως
1545 1362 1685 1405 genus
1724 1353 1859 1393 antea
1895 1349 2045 1394 fictum

481 1420 686 1474 exemplo
718 1420 867 1475 aliquo
899 1419 1212 1463 illustraretur.

594 1489 658 1531 De
690 1489 939 1532 carminum
970 1486 1288 1544 ἀπολελυμένων
1319 1490 1363 1530 et
1393 1486 1437 1539 ἐξ
1467 1485 1620 1544 ὁμοίων
1652 1487 1888 1542 speciebus
1926 1487 2047 1543 quod

482 1557 749 1612 Westphalii
795 1556 1171 1612 explicationibus
1217 1556 1379 1599 addam
1425 1556 1497 1598 vix
1543 1556 1703 1599 habeo.
1775 1556 2047 1611 Digeruntur

482 1627 728 1670 secundum
775 1626 895 1670 illam
943 1626 1185 1677 rationem,
1230 1628 1380 1668 utrum
1424 1638 1586 1679 poema
1630 1625 1861 1669 contineat
1897 1625 2046 1669 minus

481 1709 572 1739 una
603 1696 790 1750 stropha
819 1694 1045 1751 (ἄστροφα)
1083 1708 1141 1738 an
1179 1708 1316 1738 unam
1355 1694 1588 1748 stropham
1632 1692 1837 1751 (ἄτμητοι,
1881 1691 2047 1750 οἷπεριό-

484 1766 619 1821 ριστα)
641 1778 699 1807 an
722 1765 975 1819 complures
1003 1761 1368 1820 (ἀνομοιόστροφα,
1395 1763 1507 1805 κατὰ
1536 1761 1825 1820 περιορισμοὺς
1854 1761 2046 1818 ἀνίσους).

485 1834 709 1886 Qualitate
740 1847 884 1889 neque
916 1834 1077 1876 horum
1109 1846 1253 1888 neque
1292 1833 1469 1876 illorum
1508 1832 1682 1887 species
1720 1832 1839 1876 inter
1877 1844 1926 1875 se
1961 1831 2047 1875 dif-

482 1904 643 1946 ferunt.
692 1904 742 1946 In
771 1903 970 1958 utrisque
1000 1903 1046 1945 id
1078 1903 1325 1945 cavendum
1356 1905 1438 1954 est,
1470 1915 1526 1944 ne
1551 1902 1765 1956 strophae
1787 1901 1881 1944 sint
1898 1913 2046 1956 pares,

483 1973 602 2027 quod
634 1972 671 2015 si
703 1986 788 2015 usu
817 1973 952 2024 venit,
985 1972 1187 2015 carmina
1214 1971 1326 2014 fiunt
1354 1970 1466 2013 κατὰ
1495 1969 1651 2027 σχέσιν.

598 2042 689 2085 Sed
719 2042 826 2097 quid
857 2042 1027 2084 multa?
1085 2041 1362 2095 Hephaestio
1394 2054 1494 2083 cum
1523 2054 1566 2095 p.
1588 2041 1658 2092 57,
1692 2041 1857 2083 10-13
1886 2040 2046 2084 ultimo

485 2111 723 2154 enchiridii
757 2111 891 2166 capiti
923 2111 1034 2154 haec
1068 2110 1395 2165 praemitteret:
1426 2108 1802 2166 πολυσχημάτιστα
1828 2108 1876 2151 δὲ
1907 2107 2048 2151 καλεῖ·
2136 2165 2147 2178 ⁶

483 2195 550 2223 ται
580 2179 658 2223 ὅσα
688 2178 781 2223 κατ’
812 2179 1077 2237 ἐπιλογισμὸν
1114 2180 1188 2236 μὲν
1223 2178 1372 2222 οὐδένα
1407 2178 1575 2235 πλῆθος
1605 2177 1842 2236 ἐπιδέχεται
1878 2175 2045 2235 σχημά-

486 2264 580 2305 των,
611 2250 723 2293 κατὰ
752 2249 990 2306 προαίρεσιν
1020 2249 1067 2292 δὲ
1097 2248 1234 2300 ἄλλως
1261 2252 1341 2292 τῶν
1370 2248 1648 2305 χρησαμένων
1683 2250 1878 2304 ποιητῶν,
1913 2246 1960 2290 in
1999 2258 2047 2289 re

485 2320 668 2363 metrica
717 2320 853 2374 longe
901 2319 1141 2374 plurimum
1188 2319 1337 2361 valere
1382 2318 1605 2361 rationem
1650 2316 1953 2368 deductivam,
2001 2318 2048 2359 ut

486 2389 754 2432 nostratium
787 2402 996 2432 sermone
1027 2392 1138 2439 utar,
1179 2388 1276 2443 ipse
1307 2387 1475 2430 diserte
1503 2387 1736 2442 professus
1767 2389 1849 2429 est.
1901 2386 2047 2441 Atque

486 2472 532 2500 re
564 2472 668 2501 vera
698 2459 816 2501 hanc
847 2458 894 2501 in
924 2461 1020 2501 toto
1052 2457 1302 2500 enchiridio
1339 2456 1635 2511 principalem
1672 2469 1725 2499 ac
1763 2455 1858 2498 fere
1896 2453 2047 2509 singu-

485 2528 624 2570 larem
655 2542 756 2571 esse
788 2528 931 2583 quivis
962 2527 1098 2570 semel
1129 2526 1386 2570 admonitus
1418 2525 1648 2580 intellegit.
1698 2525 1850 2580 Neque
1874 2522 2046 2566 medio-

486 2596 620 2639 criter
651 2597 840 2640 eandem
869 2596 1065 2650 viguisse
1096 2590 1380 2638 indoctrina
1414 2595 1509 2649 περὶ
1547 2591 1777 2650 ποιήματος
1811 2592 2049 2654 condenda

487 2666 715 2717 concedet,
747 2666 822 2720 qui
852 2665 1141 2719 perpenderit
1172 2677 1285 2719 quae
1316 2663 1408 2706 dixi
1439 2663 1495 2706 de
1525 2663 1702 2717 elegeis,
1740 2662 1796 2704 de
1825 2660 2046 2716 poematis

486 2738 562 2776 aut
591 2733 701 2776 κατὰ
731 2734 872 2790 σχέσιν
902 2738 978 2777 aut
1009 2732 1342 2789 ἀπολελυμένας,
1381 2733 1437 2775 de
1468 2732 1758 2787 epodicorum
1797 2730 2046 2786 speciebus,

487 2803 541 2845 de
563 2803 854 2855 antitheticis,
877 2804 932 2845 de
956 2803 1206 2857 specierum
1222 2802 1302 2844 τῶν
1322 2800 1640 2858 ἀπολελυμένων
1661 2803 1706 2843 et
1729 2802 1810 2842 τοῖν
1834 2797 1877 2851 ἐξ
1894 2796 2046 2856 ὁμοίιον

487 2873 775 2926 aequalitate,
816 2873 871 2915 de
907 2871 1108 2915 mesodis
1144 2886 1187 2926 p.
1219 2871 1355 2914 XXVI
1388 2872 1439 2914 12
1479 2885 1545 2926 sq.
1585 2868 1803 2914 excitatis.
1874 2867 2046 2912 Eodem

606 3021 630 3066 1)
657 3023 700 3057 cf.
726 3034 760 3067 p.
786 3023 841 3063 32,
866 3023 899 3057 5.
927 3023 960 3057 8.
