2196 3438
1174 321 1369 386 ,ιο-4,-

459 464 582 515 Quae
620 462 738 517 apud
790 461 949 517 lyricos
988 463 1146 515 poetas
1184 472 1277 503 non
1317 458 1595 514 deprehendi
1646 471 1739 503 non
1791 471 1863 503 me
1891 458 2017 515 fugit,

460 532 538 575 sed
596 534 743 575 utrum
808 528 1086 584 grammatici
1145 528 1371 572 inscitiam
1431 528 1679 583 culpaveris
1731 541 1790 572 an
1841 540 2018 573 sumere

459 601 588 644 malis
639 604 867 643 auctorem
921 597 1158 653 scripsisse
1219 597 1410 652 „tragici
1466 597 1546 640 sed
1597 601 1643 641 et
1694 597 1852 642 comici
1863 599 1903 650 “,
1961 596 2019 641 ad

461 670 606 725 ipsum
638 682 777 723 genus
809 666 1121 723 explicandum
1152 666 1264 710 nihil
1294 667 1425 710 valet.
1474 666 1562 709 Pro
1594 667 1669 719 „in
1700 665 1884 722 epodis“
1914 678 2020 722 pro-

461 739 608 795 posuit
641 739 806 781 Caesar
847 737 921 789 „in
961 735 1160 791 epodicis
1201 735 1517 787 carminibus“,
1558 734 1638 778 sed
1676 735 1817 779 satius
1845 735 2021 789 videtur

463 811 621 852 notare
653 807 899 861 epodorum
936 806 1116 848 nomine
1156 804 1394 860 significari
1430 805 1640 848 universa
1677 804 1876 849 carmina
1913 816 2021 862 epo·

463 878 574 920 dica.
626 876 673 919 In
705 876 770 918 eis
802 888 914 930 quae
944 874 1215 917 antecedunt
1245 874 1356 917 duas
1386 874 1632 929 permixtas
1663 886 1764 918 esse
1783 873 2021 931 pericopae

460 946 669 989 notiones
702 946 789 988 iam
820 944 1130 987 Thiemannus
1159 942 1404 999 perspexit,
1463 943 1617 986 Altera
1652 945 1723 986 est
1758 942 1876 996 talis,
1914 955 2021 1000 qua·

460 1016 515 1058 lis
539 1015 583 1057 in
604 1013 953 1069 Hephaestionis
981 1012 1254 1056 carminibus
1285 1010 1396 1054 κατὰ
1424 1010 1657 1068 περικοπὴν
1686 1010 2024 1069 ἀνομοιομρίσιν

461 1084 740 1135 describitur,
771 1083 910 1126 altera
949 1095 1014 1133 ea,
1053 1095 1166 1137 quae
1205 1081 1555 1137 Hephaestionis
1592 1081 1741 1124 verbis
1785 1081 1847 1137 (p.
1882 1080 2022 1126 xxlx

461 1155 487 1195 5
519 1159 604 1208 sq.)
633 1151 744 1195 κατὰ
779 1150 1012 1208 περικοπὴν
1108 1183 1118 1193 .
1149 1149 1319 1207 ᾅσματα
1349 1183 1359 1193 .
1384 1183 1394 1194 .
1417 1184 1427 1193 .
1458 1148 1565 1193 ὥστε
1594 1150 1696 1194 εἶναι
1729 1148 1914 1208 στροφὴν
1948 1151 2024 1194 καὶ

462 1220 730 1278 ἀντίστροφον
767 1221 841 1263 καὶ
870 1217 1032 1276 ἐπῳδόν
1062 1222 1256 1263 notatur.
1310 1220 1550 1263 Praeterea
1578 1222 1815 1263 teneamus
1845 1222 2024 1275 oportet

461 1295 594 1334 antea
623 1305 665 1346 p.
697 1291 765 1342 58,
801 1291 852 1333 19
892 1290 1104 1345 strophae
1142 1290 1454 1344 antistrophae
1492 1289 1624 1344 epodi
1662 1289 2023 1344 coniugationem

461 1360 637 1415 periodi
667 1360 885 1403 vocabulo
918 1373 1019 1403 esse
1051 1359 1357 1414 significatam.
1409 1359 1474 1402 Ac
1503 1359 1698 1413 primum
1728 1358 1873 1415 quivis
1901 1358 2025 1403 videt

469 1432 675 1472 accurate
704 1429 822 1472 inter
859 1442 907 1472 se
936 1428 1211 1484 respondere
1240 1426 1579 1486 μονοπερικόπων
1609 1430 1654 1471 et
1682 1424 2026 1484 πολυπερικόων

463 1498 767 1541 definitiones:

577 1571 673 1620 „est
704 1602 713 1611 .
737 1601 746 1611 .
770 1601 779 1610 .
810 1566 1018 1623 περικοπή
1051 1580 1232 1611 carmen
1257 1567 1511 1610 subsistens
1539 1580 1594 1611 ex
1622 1566 1808 1622 strophe
1834 1569 1879 1610 et
1906 1565 2024 1610 anti-

464 1637 651 1692 stropho
683 1640 728 1680 et
758 1637 923 1691 epodo:

464 1707 581 1762 <qua
612 1706 822 1761 quando>
851 1706 921 1749 vel
948 1706 1018 1749 bis
1043 1706 1113 1749 vel
1143 1708 1213 1748 ter
1245 1707 1249 1750 l
1283 1706 1321 1748 si
1351 1718 1457 1748 vero
1490 1705 1727 1748 dissimilia
1750 1705 1875 1754 inter¹
1897 1717 1948 1748 se
1978 1704 2025 1747 in

465 1777 534 1819 vel
557 1776 735 1830 saepius
761 1788 942 1818 carmen
972 1774 1212 1818 concluda-
1282 1774 1441 1829 epodis
1473 1774 1572 1817 cola
1609 1774 1863 1829 iungantur,
1899 1772 2026 1817 πολυ·
2069 1797 2076 1802 -

464 1849 549 1897 tur,
578 1843 906 1901 μονοπερίκοπον
933 1843 1211 1897 nominatur3
1281 1842 1508 1899 περίκοπον
1538 1844 1862 1898 nuncupatur.“

468 1914 584 1968 Ergo
604 1915 655 1956 ut
673 1910 939 1970 μονόστροφα
965 1915 1069 1956 sunt
1100 1909 1235 1955 ὁπόσα
1264 1909 1343 1954 ὑπὸ
1376 1915 1469 1968 μιᾶς
1498 1911 1681 1968 στροφῆς
1709 1917 2028 1970 καταμετρεῖται

465 1983 626 2037 (Heph.
656 1995 700 2036 p.
722 1982 757 2024 V
787 1983 870 2036 15),
902 1982 964 2024 ita
994 1980 1306 2038 μονοπερίκοπα
1336 1984 1441 2024 sunt
1471 1994 1524 2023 ea
1552 1981 1766 2034 carmina,
1796 1981 1845 2024 in
1865 1981 2026 2037 quibus

466 2053 522 2095 ab
554 2051 682 2094 initio
722 2064 863 2106 usque
901 2051 958 2094 ad
1004 2051 1171 2094 exitum
1217 2050 1374 2093 eadem
1412 2050 1625 2105 pericopa
1662 2050 1879 2106 repetitur
1912 2051 1957 2094 h.
1986 2063 2026 2094 e.

466 2122 594 2164 AAB
624 2121 756 2164 AAB
790 2153 800 2163 .
822 2154 832 2163 .
857 2154 866 2163 .
889 2136 898 2170 ;
931 2120 1132 2175 sequitur
1161 2122 1210 2163 ut
1239 2118 1558 2175 πολυπερίκοπα
1588 2120 1679 2163 sint
1707 2133 1820 2176 quae
1846 2133 1902 2164 ex
1928 2120 2027 2176 plu-
2077 2113 2079 2116 Α

468 2191 591 2233 ribus
637 2193 680 2233 et
726 2191 842 2233 inter
887 2203 936 2233 se
981 2189 1172 2232 diversis
1214 2189 1438 2244 pericopis
1485 2191 1695 2232 constent
1738 2189 1783 2232 h.
1823 2202 1860 2232 e.
1895 2189 2027 2233 AAB

468 2260 590 2303 GCD
614 2293 623 2301 .
642 2293 651 2301 .
670 2293 679 2302 .
699 2293 707 2301 .
739 2260 884 2314 Atque
915 2272 963 2302 re
992 2272 1099 2302 vera
1129 2259 1240 2301 haec
1263 2258 1488 2302 sententia
1507 2258 1655 2301 verbis
1675 2258 1854 2302 traditis
1874 2261 2028 2314 aperte

469 2329 760 2383 significatur,
807 2328 942 2371 modo
986 2327 1297 2383 Aphthonium
1342 2328 1475 2383 epodi
1519 2328 1785 2371 vocabulum
1822 2327 1898 2371 hic
1935 2340 2028 2372 non

470 2410 599 2439 secus
638 2400 770 2451 atque
809 2411 851 2452 p.
882 2397 950 2449 59,
981 2397 1036 2439 23
1075 2395 1133 2439 ad
1169 2399 1265 2439 tota
1303 2396 1502 2439 carmina
1539 2396 1766 2440 rettulisse
1805 2396 2027 2441 concedas

469 2480 611 2521 neque
642 2479 797 2509 vocem
829 2466 915 2509 coli
945 2466 1002 2508 ad
1034 2466 1234 2519 singulos
1260 2478 1417 2509 versus
1449 2478 1645 2509 revoces.
1694 2466 1878 2510 Minime
1906 2466 2027 2510 enim

470 2549 582 2590 quae
612 2536 669 2578 ad
699 2536 817 2578 hanc
848 2535 934 2578 coli
965 2536 1193 2578 notionem
1223 2535 1504 2590 probandam
1541 2535 1688 2578 attulit
1726 2536 1892 2579 Caesar
1928 2534 1958 2578 l.
1989 2547 2026 2578 c.

468 2618 510 2659 p.
541 2606 594 2656 X,
626 2605 682 2647 ad
712 2604 830 2647 illius
862 2605 1280 2659 interpretationem
1310 2604 1638 2648 defendendam
1670 2605 1908 2658 sufficiunt,
1946 2605 2028 2648 sed

471 2674 545 2728 qui
576 2674 623 2715 in
654 2674 730 2716 illa
759 2674 845 2716 coli
876 2673 1063 2716 notione
1092 2676 1295 2728 perstare
1333 2674 1439 2717 velit
1477 2687 1568 2717 non
1604 2676 1756 2729 potest
1793 2686 1887 2717 non
1915 2674 2028 2718 haec

470 2743 606 2785 verba
637 2742 801 2785 stolido
834 2743 1143 2797 interpolatori
1175 2743 1295 2786 dare.
1355 2743 1506 2798 Neque
1533 2756 1639 2786 vero
1671 2755 1808 2787 sanae
1838 2743 2028 2787 rationis

474 2815 557 2863 est,
586 2812 661 2854 ubi
693 2812 748 2854 de
780 2813 879 2855 loco
917 2812 1066 2866 aliquo
1098 2812 1435 2867 interpretando
1475 2812 1751 2867 desperatur,
1786 2811 2029 2867 interpola—

472 2883 616 2922 torem
647 2881 801 2924 nescio
832 2894 963 2936 quem
994 2893 1237 2933 arcessere,
1273 2882 1362 2936 qui,
1400 2882 1625 2937 quomodo
1655 2881 1714 2924 ad
1741 2881 2029 2936 perversissi-

473 2963 569 2991 mas
616 2950 862 2992 sententias
915 2950 1134 2992 abductus
1181 2950 1260 3001 sit,
1314 2950 1571 3006 neutiquam
1621 2949 1887 2993 ostenditur.
1958 2950 2029 2994 Me

475 3018 618 3060 iudice
660 3019 900 3062 manifesto
945 3018 1019 3061 hic
1064 3018 1149 3061 coli
1195 3019 1458 3062 vocabulum
1503 3032 1596 3062 non
1641 3019 1919 3063 sollemniter
1960 3022 2030 3063 est
