2196 3438
1202 334 1256 378 32

574 473 712 516 Μικτά
732 473 779 515 δὲ
798 470 908 515 κατὰ
939 469 1080 527 σχέσιν
1109 469 1230 525 ἐστίν,
1260 469 1341 514 ὅσα
1362 470 1413 514 ἐκ
1442 474 1577 527 μερῶν
1603 470 1723 527 ἐστιν,
1751 469 2008 531 πάντων-μὶν

453 542 564 587 κατὰ
610 542 764 599 σχέσιν,
809 539 1070 597 <ἀν>ομοίων
1106 539 1153 582 δὲ
1182 537 1380 597 ἀλλήλοις
1423 538 1534 583 κατὰ
1585 539 1662 598 τήν
1704 539 1830 598 ἰδέαν,
1873 540 1926 586 lx
1953 554 2008 599 fn

454 613 669 669 ἐπῳδικῶν
699 612 771 653 καὶ
802 608 1136 667 μονοστροφικῶν
1164 607 1194 665 ἠ
1224 609 1336 652 κατὰ
1364 606 1608 666 περικοτιήν.

566 695 709 747 Atque
747 690 916 746 optimo
956 691 1043 733 hoc
1074 689 1178 733 fecit
1208 690 1316 734 iure.
1375 690 1487 734 Nam
1518 703 1611 734 non
1643 691 1787 735 solum
1815 693 2005 748 utroque

454 762 552 804 loco
585 761 774 804 similem
808 760 849 802 in
880 759 1063 802 modum
1094 772 1243 802 sermo
1275 762 1344 803 est
1373 759 1429 803 de
1459 757 1635 816 μέρεσιν,
1668 759 1749 803 sed
1777 759 1927 814 etiam,
1957 759 2005 804 id

452 831 569 886 quod
600 830 775 884 gravius
806 831 889 880 est,
921 841 1021 871 cum
1051 830 1096 872 et
1124 842 1168 883 p.
1199 828 1236 871 V
1262 829 1376 872 4—5
1407 830 1451 872 et
1470 842 1512 884 p.
1529 829 1587 872 VI
1606 829 1772 872 20—21
1801 827 2005 886 exempla

449 902 658 954 petantur
695 911 722 942 a
758 898 900 942 tribus
941 898 1027 941 illis
1066 898 1317 953 generibus,
1348 911 1462 953 quae
1493 911 1628 953 supra
1657 898 1812 953 primo,
1841 897 1998 951 altero,

450 969 580 1011 tertio
619 969 718 1011 loco
757 970 1016 1011 enumerata
1046 970 1188 1020 erant,
1217 970 1406 1023 utroque
1437 967 1536 1011 loco
1569 967 1677 1011 illud
1707 967 1848 1020 deest,
1881 966 2002 1024 quod

449 1037 604 1081 Graeci
628 1038 844 1081 vocabulo
868 1036 1021 1092 ,,οἶον“,
1046 1036 1192 1081 Latini
1210 1037 1397 1090 „velut“,
1413 1036 1623 1080 Germani
1642 1050 1763 1091 „zum
1779 1035 2005 1092 Beiepiel‘⁸

450 1107 698 1161 significare
720 1106 879 1158 solent,
911 1106 973 1149 ita
1001 1109 1064 1158 ut,
1095 1106 1134 1148 si
1165 1105 1264 1162 quis
1294 1106 1431 1149 verba
1460 1119 1664 1161 premere
1693 1105 1813 1159 velit,
1844 1107 2004 1165 neutra

451 1176 646 1219 definitio
680 1179 799 1219 recta
830 1176 917 1218 dici
946 1175 1106 1231 possit.
1165 1174 1387 1227 Quoniam
1418 1178 1566 1219 autem
1596 1188 1712 1219 unus
1733 1177 1866 1231 atque
1885 1173 2007 1218 idem

450 1245 650 1288 condidit
688 1245 834 1300 capita
870 1259 913 1300 p.
955 1245 1007 1288 111
1042 1245 1209 1288 14—15
1248 1247 1294 1287 et
1331 1258 1374 1300 p.
1405 1245 1442 1287 V
1465 1244 1592 1296 4-5‚
1630 1244 1818 1288 efficitur
1845 1256 2006 1287 omnes

449 1317 540 1357 tres
587 1314 684 1357 illas
728 1314 808 1356 τῶν
851 1313 1004 1371 μικτῶν
1048 1313 1329 1357 definitiones
1374 1313 1432 1356 ab
1478 1313 1636 1357 eodem
1683 1313 1866 1357 homine
1905 1325 2007 1356 esse

449 1384 685 1438 profectas.

562 1464 711 1519 Neque
754 1463 902 1507 minus
949 1463 1137 1519 insignis
1183 1465 1252 1506 est
1298 1462 1563 1515 similitudo,
1609 1475 1723 1518 quae
1770 1461 2006 1507 intercedit

450 1535 565 1577 inter
594 1531 713 1577 κοινὰ
743 1530 1034 1591 συστηματικοί
1064 1536 1107 1576 et
1136 1532 1256 1576 κοινὰ
1284 1530 1396 1575 κατὰ
1425 1531 1568 1589 σχέσιν
1937 1524 1941 1528 ’

680 1629 721 1670 p.
754 1615 789 1657 V
819 1615 952 1657 6—9:
1475 1626 1518 1668 p.
1549 1612 1629 1655 VII
1661 1611 1790 1656 1-4:

506 1693 638 1738 Κοινὰ
657 1695 703 1737 δὲ
725 1694 804 1737 ὅσα
822 1693 923 1737 καθ’
947 1693 1091 1752 ἑτέραν
1119 1695 1192 1753 μὲν
1317 1692 1451 1737 Κοινὰ
1488 1691 1535 1736 δέ
1573 1693 1660 1736 ἐστι
1701 1691 1814 1736 κατὰ
1848 1690 2004 1751 σχέσιν,

451 1764 563 1807 ἰδέαν
582 1763 812 1821 γέγραπται
827 1766 900 1807 τοῦ
917 1762 1190 1822 συστήματος,
1262 1761 1343 1806 ὅσα
1371 1760 1472 1805 καθ’
1506 1760 1650 1819 ἑτέραν
1680 1762 1754 1819 μὲν
1784 1759 1897 1806 ἰδέαν
1924 1763 2006 1805 τῶν

450 1832 617 1876 δύναται
647 1833 693 1875 δὲ
722 1834 795 1876 καὶ
823 1828 925 1876 καθ’
947 1832 1090 1890 ἑτέραν
1122 1847 1191 1889 γε·
1260 1831 1371 1875 κατὰ
1401 1830 1543 1889 σχέσιν
1562 1830 1808 1888 γέγραπται,
1837 1828 2007 1875 δύναται

448 1901 639 1959 γράφθαι
678 1902 827 1946 δοκεῖν.
895 1902 979 1945 οἶον
1017 1897 1104 1958 φέρ’
1138 1901 1190 1944 εἰ·
1260 1901 1307 1944 δὲ
1336 1902 1409 1943 καὶ
1438 1895 1539 1943 καθ’
1581 1899 1724 1957 ἑτέραν
1761 1895 2006 1958 γεγράφθαι

448 1977 537 2014 πεῖν
575 1971 618 2023 ἐξ
665 1969 815 2028 ὁμοίων
853 1970 951 2016 ὄντα
993 1968 1191 2028 <δύναται
1261 1970 1412 2014 δοκεῖν.
1471 1969 1558 2013 οἷον
1596 1969 1633 2012 εἰ
1671 1971 2006 2027 μονοστροφικῶς

449 2040 579 2083 ταῦτα
623 2041 723 2096 καὶ>
774 2039 883 2084 κατὰ
937 2039 1079 2097 σχέσιν
1121 2054 1190 2096 γε·
1259 2039 1418 2096 γραφὲν
1447 2036 1616 2082 δύναται
1644 2037 1766 2081 τοῦτο
1795 2037 1869 2080 καὶ
1897 2036 2004 2095 ἐπῳ-

447 2106 637 2166 γροίφθαι
668 2110 817 2154 δοκεῖν.
1260 2108 1384 2159 δικῶς
1412 2104 1654 2165 γεγράφθαι
1683 2107 1832 2151 δοκεῖν.

562 2202 712 2257 Neque
742 2202 938 2245 Hensius
970 2201 1148 2257 negavit
1177 2201 1289 2244 haec
1320 2201 1468 2256 capita
1497 2201 1554 2244 ab
1576 2199 1735 2243 eodem
1765 2212 1867 2243 esse
1897 2210 2004 2243 con-

452 2271 557 2324 dita,
598 2271 678 2314 sed
717 2270 942 2315 diversum
973 2285 1074 2315 esse
1103 2271 1338 2314 affirmavit
1368 2283 1523 2314 eorum
1554 2269 1820 2325 scriptorem
1849 2266 1907 2312 ab
1937 2279 2005 2320 eo,

452 2341 524 2394 qui
563 2341 758 2395 priorem
797 2341 1107 2384 commentarii
1151 2343 1326 2396 partem
1371 2339 1665 2395 concepisset.
1733 2337 1847 2382 Cum
1882 2335 2004 2380 enim

453 2423 552 2451 eum
585 2409 658 2464 qui
690 2409 836 2464 capita
865 2424 904 2464 p.
935 2409 996 2451 III
1020 2409 1159 2452 1—-IV
1179 2410 1205 2452 5
1237 2408 1526 2460 condidisset,
1557 2407 1615 2451 ad
1636 2407 1846 2462 strophas
1867 2403 2005 2461 signi-

448 2478 643 2521 ficandas
681 2492 810 2521 usum
848 2492 947 2522 esse
987 2479 1205 2522 vocabulo
1238 2478 1445 2521 sollemni
1475 2474 1681 2535 σύστημα,
1713 2488 1814 2519 eum
1850 2487 1878 2518 a
1914 2486 2003 2530 quo

447 2560 489 2601 p.
520 2547 555 2589 V
575 2547 735 2589 4—V11
755 2548 783 2589 4
804 2547 994 2591 oriunda
1014 2549 1179 2602 essent,
1210 2547 1320 2590 artis
1340 2546 1558 2590 vocabulo
1577 2545 1770 2602 περίοδος
1785 2544 2002 2598 censeret,

447 2629 489 2670 p.
527 2616 562 2658 V
593 2617 619 2658 6
656 2615 728 2658 τοῦ
772 2615 1032 2673 συστήματος
1076 2630 1329 2671 expungere
1372 2616 1525 2660 voluit.
1590 2616 1802 2659 Attamen
1837 2614 1888 2656 ut
1930 2624 2002 2655 ce-

447 2688 542 2727 tera
578 2684 714 2727 verba
748 2685 1083 2728 accuratissime
1115 2686 1231 2728 inter
1262 2699 1310 2728 se
1346 2684 1634 2740 respondent,
1666 2683 1730 2727 sic
1765 2694 1859 2725 non
1896 2681 2002 2724 licet

449 2767 500 2795 ea
531 2753 692 2805 delere,
730 2767 841 2808 quae
879 2755 1027 2797 verbis
1067 2758 1147 2796 τῶν
1176 2754 1287 2796 κατὰ
1317 2754 1459 2812 σχέσιν
1488 2753 1802 2809 respondeant.
1861 2750 2002 2794 Immo

450 2822 732 2864 scribendum
772 2826 840 2865 est
879 2825 954 2866 aut
991 2826 1071 2865 τῶν
1109 2823 1423 2880 συστηματικῶν
1460 2825 1549 2875 aut,
1598 2820 1718 2876 quod
1752 2819 1939 2876 propius
1975 2831 2003 2862 a

449 2891 639 2933 lectione
659 2891 822 2934 tradita
838 2892 980 2944 abest,
1001 2893 1073 2934 τοῦ
1089 2891 1397 2949 συστηματικοῦ
1415 2905 1476 2934 sc.
1491 2890 1648 2947 γένους,
1670 2889 1791 2945 quod
1810 2888 2001 2932 alterum

449 2960 702 3002 defenditur
733 2961 1041 3003 commentarii
1071 2961 1109 3002 11
1138 2961 1287 3003 verbis
1317 2975 1359 3015 p.
1392 2960 1480 3002 XX
1513 2960 1674 3003 10—11
1707 2956 1863 3001 Μικτὸν
1906 2989 1917 3000 .
1946 2989 1957 2999 .
1988 2988 1999 2998 .

447 3028 620 3085 ποίημα,
651 3029 692 3070 ἐν
724 3028 756 3084 ᾧ
790 3029 873 3071 ἐστι
896 3028 1000 3085 μέρη
1040 3027 1140 3083 τινοί,
1172 3028 1278 3085 ἅπερ
1309 3030 1466 3086 ἔφαμεν
1497 3029 1598 3071 εἶναι
1625 3027 1698 3070 τοῦ
1727 3026 1839 3069 κατὰ
1858 3024 2002 3082 σχέσιν
