<?xml version="1.0" encoding="UTF-8"?>
<!DOCTYPE html PUBLIC "-//W3C//DTD XHTML 1.0 Transitional//EN"
    "http://www.w3.org/TR/xhtml1/DTD/xhtml1-transitional.dtd">
<html xmlns="http://www.w3.org/1999/xhtml" xml:lang="en" lang="en">
 <head>
  <title>
</title>
<meta http-equiv="Content-Type" content="text/html;charset=utf-8" />
  <meta name='ocr-system' content='tesseract 3.04.00' />
  <meta name='ocr-capabilities' content='ocr_page ocr_carea ocr_par ocr_line ocrx_word'/>
</head>
<body>
  <div class='ocr_page' id='page_1' title='image "./deveterumperipoi00consuoft_0100.png"; bbox 0 0 2196 3438; ppageno 0'>
   <div class='ocr_carea' id='block_1_1' title="bbox 1197 290 1353 351">
    <p class='ocr_par' dir='ltr' id='par_1_1' title="bbox 1197 290 1353 351">
     <span class='ocr_line' id='line_1_1' title="bbox 1197 290 1353 351; baseline 0 0"><span class='ocrx_word' id='word_1_1' title='bbox 1197 290 1252 331; x_wconf 81' lang='lat'><strong>88</strong></span> <span class='ocrx_word' id='word_1_2' title='bbox 1289 350 1292 351; x_wconf 24' lang='grc' dir='ltr'>ι</span> <span class='ocrx_word' id='word_1_3' title='bbox 1347 349 1353 351; x_wconf 92' lang='grc'>.</span> 
     </span>
    </p>
   </div>
   <div class='ocr_carea' id='block_1_2' title="bbox 441 426 2050 2207">
    <p class='ocr_par' dir='ltr' id='par_1_2' title="bbox 441 426 2050 2207">
     <span class='ocr_line' id='line_1_2' title="bbox 441 426 1999 485; baseline -0.001 -12"><span class='ocrx_word' id='word_1_4' title='bbox 441 443 605 485; x_wconf 78' lang='lat' dir='ltr'><strong>genera</strong></span> <span class='ocrx_word' id='word_1_5' title='bbox 636 429 681 471; x_wconf 91' lang='lat' dir='ltr'><strong>in</strong></span> <span class='ocrx_word' id='word_1_6' title='bbox 713 442 766 471; x_wconf 91' lang='lat' dir='ltr'><strong>eo</strong></span> <span class='ocrx_word' id='word_1_7' title='bbox 799 428 937 470; x_wconf 84' lang='lat' dir='ltr'><strong>fuisse</strong></span> <span class='ocrx_word' id='word_1_8' title='bbox 969 430 1189 478; x_wconf 79' lang='lat' dir='ltr'><strong>enarrata,</strong></span> <span class='ocrx_word' id='word_1_9' title='bbox 1226 440 1516 483; x_wconf 87' lang='lat' dir='ltr'><strong>quaecunque</strong></span> <span class='ocrx_word' id='word_1_10' title='bbox 1547 426 1822 482; x_wconf 79' lang='lat' dir='ltr'><strong>Hephaestio</strong></span> <span class='ocrx_word' id='word_1_11' title='bbox 1860 426 1999 479; x_wconf 80' lang='lat' dir='ltr'><strong>novit,</strong></span> 
     </span>
     <span class='ocr_line' id='line_1_3' title="bbox 441 495 2000 552; baseline -0.001 -10"><span class='ocrx_word' id='word_1_12' title='bbox 441 502 518 542; x_wconf 89' lang='lat' dir='ltr'><strong>aut</strong></span> <span class='ocrx_word' id='word_1_13' title='bbox 547 512 716 549; x_wconf 86' lang='lat' dir='ltr'><strong>eorum,</strong></span> <span class='ocrx_word' id='word_1_14' title='bbox 757 510 869 552; x_wconf 89' lang='lat' dir='ltr'><strong>quae</strong></span> <span class='ocrx_word' id='word_1_15' title='bbox 908 496 1084 551; x_wconf 87' lang='lat' dir='ltr'><strong>utrique</strong></span> <span class='ocrx_word' id='word_1_16' title='bbox 1114 496 1279 539; x_wconf 82' lang='lat' dir='ltr'><strong>fuerint</strong></span> <span class='ocrx_word' id='word_1_17' title='bbox 1317 495 1594 548; x_wconf 86' lang='lat' dir='ltr'><strong>communia,</strong></span> <span class='ocrx_word' id='word_1_18' title='bbox 1631 495 1824 540; x_wconf 86' lang='lat' dir='ltr'><strong>eundem</strong></span> <span class='ocrx_word' id='word_1_19' title='bbox 1861 495 2000 541; x_wconf 67' lang='lat' dir='ltr'><strong>misoe</strong></span> 
     </span>
     <span class='ocr_line' id='line_1_4' title="bbox 444 563 2001 621; baseline -0.001 -11"><span class='ocrx_word' id='word_1_20' title='bbox 444 568 663 610; x_wconf 86' lang='lat' dir='ltr'>ordinem.</span> <span class='ocrx_word' id='word_1_21' title='bbox 723 566 874 620; x_wconf 85' lang='lat' dir='ltr'>Neque</span> <span class='ocrx_word' id='word_1_22' title='bbox 906 579 1076 617; x_wconf 87' lang='lat' dir='ltr'><strong>vereor,</strong></span> <span class='ocrx_word' id='word_1_23' title='bbox 1108 578 1164 608; x_wconf 89' lang='lat' dir='ltr'><strong>ne</strong></span> <span class='ocrx_word' id='word_1_24' title='bbox 1195 566 1295 621; x_wconf 91' lang='lat' dir='ltr'><strong>quis</strong></span> <span class='ocrx_word' id='word_1_25' title='bbox 1327 567 1508 608; x_wconf 90' lang='lat' dir='ltr'><strong>censeat</strong></span> <span class='ocrx_word' id='word_1_26' title='bbox 1532 565 1808 620; x_wconf 77' lang='lat' dir='ltr'>excerptoris</span> <span class='ocrx_word' id='word_1_27' title='bbox 1829 563 2001 610; x_wconf 85' lang='lat' dir='ltr'><strong>incuria</strong></span> 
     </span>
     <span class='ocr_line' id='line_1_5' title="bbox 443 634 2001 690; baseline -0.001 -11"><span class='ocrx_word' id='word_1_28' title='bbox 443 637 604 679; x_wconf 88' lang='lat' dir='ltr'><strong>mirum</strong></span> <span class='ocrx_word' id='word_1_29' title='bbox 637 636 682 678; x_wconf 92' lang='lat' dir='ltr'><strong>in</strong></span> <span class='ocrx_word' id='word_1_30' title='bbox 714 635 895 677; x_wconf 91' lang='lat' dir='ltr'><strong>modum</strong></span> <span class='ocrx_word' id='word_1_31' title='bbox 927 648 979 677; x_wconf 88' lang='lat' dir='ltr'><strong>ea</strong></span> <span class='ocrx_word' id='word_1_32' title='bbox 1019 634 1117 689; x_wconf 90' lang='lat' dir='ltr'><strong>ipsa</strong></span> <span class='ocrx_word' id='word_1_33' title='bbox 1159 648 1325 690; x_wconf 82' lang='lat' dir='ltr'><strong>genera</strong></span> <span class='ocrx_word' id='word_1_34' title='bbox 1370 634 1539 678; x_wconf 91' lang='lat' dir='ltr'><strong>omissa</strong></span> <span class='ocrx_word' id='word_1_35' title='bbox 1583 636 1659 678; x_wconf 90' lang='lat' dir='ltr'><strong>aut</strong></span> <span class='ocrx_word' id='word_1_36' title='bbox 1696 635 1817 679; x_wconf 83' lang='lat' dir='ltr'><strong>recte</strong></span> <span class='ocrx_word' id='word_1_37' title='bbox 1850 635 2001 679; x_wconf 82' lang='lat' dir='ltr'><strong>trans·</strong></span> 
     </span>
     <span class='ocr_line' id='line_1_6' title="bbox 444 702 2004 759; baseline 0 -11"><span class='ocrx_word' id='word_1_38' title='bbox 444 705 593 759; x_wconf 87' lang='lat' dir='ltr'><strong>posita</strong></span> <span class='ocrx_word' id='word_1_39' title='bbox 624 718 737 755; x_wconf 87' lang='lat' dir='ltr'><strong>esse,</strong></span> <span class='ocrx_word' id='word_1_40' title='bbox 770 717 882 759; x_wconf 86' lang='lat' dir='ltr'><strong>quae</strong></span> <span class='ocrx_word' id='word_1_41' title='bbox 912 707 1070 759; x_wconf 88' lang='lat' dir='ltr'><strong>postea</strong></span> <span class='ocrx_word' id='word_1_42' title='bbox 1106 704 1172 747; x_wconf 91' lang='lat' dir='ltr'><strong>vel</strong></span> <span class='ocrx_word' id='word_1_43' title='bbox 1212 704 1366 748; x_wconf 86' lang='lat' dir='ltr'><strong>addita</strong></span> <span class='ocrx_word' id='word_1_44' title='bbox 1402 704 1470 747; x_wconf 87' lang='lat' dir='ltr'><strong>vel</strong></span> <span class='ocrx_word' id='word_1_45' title='bbox 1511 716 1747 759; x_wconf 83' lang='lat' dir='ltr'><strong>perperam</strong></span> <span class='ocrx_word' id='word_1_46' title='bbox 1785 702 2004 748; x_wconf 77' lang='lat' dir='ltr'><strong>collocata</strong></span> 
     </span>
     <span class='ocr_line' id='line_1_7' title="bbox 444 772 2003 828; baseline 0.001 -13"><span class='ocrx_word' id='word_1_47' title='bbox 444 787 543 816; x_wconf 88' lang='lat' dir='ltr'><strong>esse</strong></span> <span class='ocrx_word' id='word_1_48' title='bbox 575 787 620 816; x_wconf 90' lang='lat' dir='ltr'><strong>re</strong></span> <span class='ocrx_word' id='word_1_49' title='bbox 652 773 749 827; x_wconf 89' lang='lat' dir='ltr'><strong>ipsa</strong></span> <span class='ocrx_word' id='word_1_50' title='bbox 781 772 1045 815; x_wconf 82' lang='lat' dir='ltr'><strong>ostenditur.</strong></span> <span class='ocrx_word' id='word_1_51' title='bbox 1107 772 1247 816; x_wconf 90' lang='lat' dir='ltr'><strong>Immo</strong></span> <span class='ocrx_word' id='word_1_52' title='bbox 1277 772 1641 828; x_wconf 83' lang='lat' dir='ltr'><strong>quandoquidem</strong></span> <span class='ocrx_word' id='word_1_53' title='bbox 1680 784 1836 816; x_wconf 87' lang='lat' dir='ltr'><strong>eorum</strong></span> <span class='ocrx_word' id='word_1_54' title='bbox 1869 783 2003 827; x_wconf 71' lang='lat' dir='ltr'><strong>gonc-</strong></span> 
     </span>
     <span class='ocr_line' id='line_1_8' title="bbox 447 841 2050 897; baseline 0.001 -12"><span class='ocrx_word' id='word_1_55' title='bbox 447 856 561 894; x_wconf 83' lang='lat' dir='ltr'><strong>rum,</strong></span> <span class='ocrx_word' id='word_1_56' title='bbox 613 855 725 896; x_wconf 90' lang='lat' dir='ltr'><strong>quae</strong></span> <span class='ocrx_word' id='word_1_57' title='bbox 772 842 963 884; x_wconf 86' lang='lat' dir='ltr'><strong>maxime</strong></span> <span class='ocrx_word' id='word_1_58' title='bbox 1012 842 1251 885; x_wconf 81' lang='lat' dir='ltr'><strong>offensioni</strong></span> <span class='ocrx_word' id='word_1_59' title='bbox 1298 844 1400 886; x_wconf 83' lang='lat' dir='ltr'><strong>sunt</strong></span> <span class='ocrx_word' id='word_1_60' title='bbox 1446 841 1565 897; x_wconf 89' lang='lat' dir='ltr'><strong>apud</strong></span> <span class='ocrx_word' id='word_1_61' title='bbox 1609 841 2003 897; x_wconf 77' lang='lat' dir='ltr'><strong>Hephaestionem,</strong></span> <span class='ocrx_word' id='word_1_62' title='bbox 2047 891 2050 894; x_wconf 16' lang='grc' dir='ltr'><strong>Δ</strong></span> 
     </span>
     <span class='ocr_line' id='line_1_9' title="bbox 447 909 2005 965; baseline 0.001 -13"><span class='ocrx_word' id='word_1_63' title='bbox 447 910 665 965; x_wconf 83' lang='lat' dir='ltr'><strong>originem</strong></span> <span class='ocrx_word' id='word_1_64' title='bbox 706 910 833 953; x_wconf 84' lang='lat' dir='ltr'><strong>facile</strong></span> <span class='ocrx_word' id='word_1_65' title='bbox 874 910 1135 965; x_wconf 83' lang='lat' dir='ltr'><strong>expedimus</strong></span> <span class='ocrx_word' id='word_1_66' title='bbox 1166 924 1221 954; x_wconf 86' lang='lat' dir='ltr'><strong>ex</strong></span> <span class='ocrx_word' id='word_1_67' title='bbox 1251 910 1461 963; x_wconf 84' lang='lat' dir='ltr'><strong>Aristide,</strong></span> <span class='ocrx_word' id='word_1_68' title='bbox 1493 910 1623 954; x_wconf 88' lang='lat' dir='ltr'><strong>huius</strong></span> <span class='ocrx_word' id='word_1_69' title='bbox 1660 909 2005 965; x_wconf 80' lang='lat' dir='ltr'><strong>explicationem</strong></span> 
     </span>
     <span class='ocr_line' id='line_1_10' title="bbox 445 978 2005 1034; baseline 0.001 -12"><span class='ocrx_word' id='word_1_70' title='bbox 445 994 525 1034; x_wconf 89' lang='lat' dir='ltr'><strong>pro</strong></span> <span class='ocrx_word' id='word_1_71' title='bbox 557 979 800 1022; x_wconf 86' lang='lat' dir='ltr'><strong>vetustiore</strong></span> <span class='ocrx_word' id='word_1_72' title='bbox 840 980 1119 1022; x_wconf 89' lang='lat' dir='ltr'><strong>habebimus.</strong></span> <span class='ocrx_word' id='word_1_73' title='bbox 1194 979 1274 1023; x_wconf 90' lang='lat' dir='ltr'><strong>Cui</strong></span> <span class='ocrx_word' id='word_1_74' title='bbox 1318 979 1568 1023; x_wconf 86' lang='lat' dir='ltr'><strong>sententiae</strong></span> <span class='ocrx_word' id='word_1_75' title='bbox 1606 979 1774 1034; x_wconf 88' lang='lat' dir='ltr'><strong>aliquid</strong></span> <span class='ocrx_word' id='word_1_76' title='bbox 1811 978 2005 1023; x_wconf 75' lang='lat' dir='ltr'><strong>fortasse</strong></span> 
     </span>
     <span class='ocr_line' id='line_1_11' title="bbox 444 1045 2006 1104; baseline -0.001 -12"><span class='ocrx_word' id='word_1_77' title='bbox 444 1048 702 1092; x_wconf 88' lang='lat' dir='ltr'><strong>adminiculi</strong></span> <span class='ocrx_word' id='word_1_78' title='bbox 749 1049 815 1090; x_wconf 86' lang='lat' dir='ltr'><strong>vel</strong></span> <span class='ocrx_word' id='word_1_79' title='bbox 864 1062 917 1091; x_wconf 94' lang='lat' dir='ltr'><strong>eo</strong></span> <span class='ocrx_word' id='word_1_80' title='bbox 955 1052 1159 1103; x_wconf 88' lang='lat' dir='ltr'><strong>paratur,</strong></span> <span class='ocrx_word' id='word_1_81' title='bbox 1205 1049 1325 1104; x_wconf 89' lang='lat' dir='ltr'><strong>quod</strong></span> <span class='ocrx_word' id='word_1_82' title='bbox 1363 1052 1541 1104; x_wconf 91' lang='lat' dir='ltr'><strong>praeter</strong></span> <span class='ocrx_word' id='word_1_83' title='bbox 1585 1048 1859 1092; x_wconf 85' lang='lat' dir='ltr'><strong>locutionem</strong></span> <span class='ocrx_word' id='word_1_84' title='bbox 1894 1045 2006 1090; x_wconf 68' lang='grc' dir='ltr'><strong>κατὰ</strong></span> 
     </span>
     <span class='ocr_line' id='line_1_12' title="bbox 445 1116 2005 1174; baseline 0.001 -15"><span class='ocrx_word' id='word_1_85' title='bbox 445 1116 586 1174; x_wconf 80' lang='grc' dir='ltr'>στίχον</span> <span class='ocrx_word' id='word_1_86' title='bbox 630 1117 740 1160; x_wconf 90' lang='lat' dir='ltr'><strong>satis</strong></span> <span class='ocrx_word' id='word_1_87' title='bbox 779 1118 931 1161; x_wconf 87' lang='lat' dir='ltr'><strong>tritam</strong></span> <span class='ocrx_word' id='word_1_88' title='bbox 978 1122 1100 1162; x_wconf 87' lang='lat' dir='ltr'><strong>certa</strong></span> <span class='ocrx_word' id='word_1_89' title='bbox 1135 1118 1245 1162; x_wconf 90' lang='lat' dir='ltr'><strong>artis</strong></span> <span class='ocrx_word' id='word_1_90' title='bbox 1285 1119 1502 1162; x_wconf 88' lang='lat' dir='ltr'><strong>vocabula</strong></span> <span class='ocrx_word' id='word_1_91' title='bbox 1540 1117 1726 1172; x_wconf 79' lang='lat' dir='ltr'><strong>singulis</strong></span> <span class='ocrx_word' id='word_1_92' title='bbox 1766 1116 2005 1172; x_wconf 77' lang='lat' dir='ltr'><strong>generibus</strong></span> 
     </span>
     <span class='ocr_line' id='line_1_13' title="bbox 447 1186 1856 1244; baseline 0.001 -15"><span class='ocrx_word' id='word_1_93' title='bbox 447 1200 537 1229; x_wconf 88' lang='lat' dir='ltr'><strong>non</strong></span> <span class='ocrx_word' id='word_1_94' title='bbox 568 1187 780 1229; x_wconf 89' lang='lat' dir='ltr'><strong>induntur</strong></span> <span class='ocrx_word' id='word_1_95' title='bbox 811 1187 897 1230; x_wconf 89' lang='lat' dir='ltr'><strong>nisi</strong></span> <span class='ocrx_word' id='word_1_96' title='bbox 930 1187 1205 1231; x_wconf 82' lang='lat' dir='ltr'><strong>carminibus</strong></span> <span class='ocrx_word' id='word_1_97' title='bbox 1235 1186 1345 1230; x_wconf 81' lang='grc' dir='ltr'><strong><em>κατὰ</em></strong></span> <span class='ocrx_word' id='word_1_98' title='bbox 1376 1186 1519 1244; x_wconf 75' lang='grc' dir='ltr'>σχέσιν</span> <span class='ocrx_word' id='word_1_99' title='bbox 1548 1190 1593 1231; x_wconf 82' lang='lat' dir='ltr'><strong>et</strong></span> <span class='ocrx_word' id='word_1_100' title='bbox 1621 1186 1856 1231; x_wconf 80' lang='lat' dir='ltr'><strong>absolutis.</strong></span> 
     </span>
     <span class='ocr_line' id='line_1_14' title="bbox 561 1255 2006 1312; baseline 0.001 -14"><span class='ocrx_word' id='word_1_101' title='bbox 561 1255 756 1308; x_wconf 85' lang='lat' dir='ltr'><strong>Quaerat</strong></span> <span class='ocrx_word' id='word_1_102' title='bbox 807 1257 967 1312; x_wconf 88' lang='lat' dir='ltr'><strong>aliquis</strong></span> <span class='ocrx_word' id='word_1_103' title='bbox 1014 1271 1121 1300; x_wconf 91' lang='lat' dir='ltr'><strong>num</strong></span> <span class='ocrx_word' id='word_1_104' title='bbox 1165 1257 1276 1300; x_wconf 91' lang='lat' dir='ltr'><strong>haec</strong></span> <span class='ocrx_word' id='word_1_105' title='bbox 1326 1257 1391 1300; x_wconf 91' lang='lat' dir='ltr'><strong>eis</strong></span> <span class='ocrx_word' id='word_1_106' title='bbox 1446 1257 1738 1309; x_wconf 84' lang='lat' dir='ltr'><strong>conveniant,</strong></span> <span class='ocrx_word' id='word_1_107' title='bbox 1787 1268 1902 1312; x_wconf 86' lang='lat' dir='ltr'><strong>quae</strong></span> <span class='ocrx_word' id='word_1_108' title='bbox 1949 1255 2006 1299; x_wconf 85' lang='lat' dir='ltr'><strong>de</strong></span> 
     </span>
     <span class='ocr_line' id='line_1_15' title="bbox 447 1323 2009 1381; baseline 0.001 -15"><span class='ocrx_word' id='word_1_109' title='bbox 447 1324 658 1367; x_wconf 86' lang='lat' dir='ltr'><strong>Aristidis</strong></span> <span class='ocrx_word' id='word_1_110' title='bbox 690 1328 836 1368; x_wconf 87' lang='lat' dir='ltr'><strong>aetate</strong></span> <span class='ocrx_word' id='word_1_111' title='bbox 868 1325 1157 1381; x_wconf 86' lang='lat' dir='ltr'><strong>fontibusque</strong></span> <span class='ocrx_word' id='word_1_112' title='bbox 1187 1326 1368 1370; x_wconf 84' lang='lat' dir='ltr'><strong>aliunde</strong></span> <span class='ocrx_word' id='word_1_113' title='bbox 1398 1327 1629 1380; x_wconf 86' lang='lat' dir='ltr'><strong>comperta</strong></span> <span class='ocrx_word' id='word_1_114' title='bbox 1658 1325 1890 1369; x_wconf 88' lang='lat' dir='ltr'><strong>habemus.</strong></span> <span class='ocrx_word' id='word_1_115' title='bbox 1947 1323 2009 1369; x_wconf 76' lang='lat' dir='ltr'><strong>At</strong></span> 
     </span>
     <span class='ocr_line' id='line_1_16' title="bbox 447 1394 2007 1450; baseline -0.001 -14"><span class='ocrx_word' id='word_1_116' title='bbox 447 1394 640 1448; x_wconf 89' lang='lat' dir='ltr'><strong>primum</strong></span> <span class='ocrx_word' id='word_1_117' title='bbox 671 1394 852 1449; x_wconf 90' lang='lat' dir='ltr'><strong>quidem</strong></span> <span class='ocrx_word' id='word_1_118' title='bbox 884 1395 1095 1450; x_wconf 90' lang='lat' dir='ltr'><strong>quoniam</strong></span> <span class='ocrx_word' id='word_1_119' title='bbox 1126 1395 1236 1438; x_wconf 90' lang='lat' dir='ltr'><strong>artis</strong></span> <span class='ocrx_word' id='word_1_120' title='bbox 1268 1395 1481 1438; x_wconf 86' lang='lat' dir='ltr'><strong>metricae</strong></span> <span class='ocrx_word' id='word_1_121' title='bbox 1511 1394 1870 1450; x_wconf 87' lang='lat' dir='ltr'><strong>explicationem,</strong></span> <span class='ocrx_word' id='word_1_122' title='bbox 1894 1405 2007 1448; x_wconf 89' lang='lat' dir='ltr'><strong>quae</strong></span> 
     </span>
     <span class='ocr_line' id='line_1_17' title="bbox 450 1461 2008 1518; baseline 0.001 -13"><span class='ocrx_word' id='word_1_123' title='bbox 450 1461 569 1516; x_wconf 89' lang='lat' dir='ltr'><strong>apud</strong></span> <span class='ocrx_word' id='word_1_124' title='bbox 599 1462 843 1506; x_wconf 87' lang='lat' dir='ltr'><strong>Aristidem</strong></span> <span class='ocrx_word' id='word_1_125' title='bbox 883 1462 1051 1518; x_wconf 87' lang='lat' dir='ltr'><strong>scripta</strong></span> <span class='ocrx_word' id='word_1_126' title='bbox 1089 1466 1170 1515; x_wconf 85' lang='lat' dir='ltr'><strong>est,</strong></span> <span class='ocrx_word' id='word_1_127' title='bbox 1209 1476 1300 1506; x_wconf 92' lang='lat' dir='ltr'><strong>non</strong></span> <span class='ocrx_word' id='word_1_128' title='bbox 1331 1463 1388 1506; x_wconf 88' lang='lat' dir='ltr'><strong>ab</strong></span> <span class='ocrx_word' id='word_1_129' title='bbox 1434 1463 1534 1518; x_wconf 91' lang='lat' dir='ltr'><strong>ipso</strong></span> <span class='ocrx_word' id='word_1_130' title='bbox 1572 1476 1673 1506; x_wconf 91' lang='lat' dir='ltr'><strong>esse</strong></span> <span class='ocrx_word' id='word_1_131' title='bbox 1710 1461 2008 1518; x_wconf 69' lang='lat' dir='ltr'><strong>excogitatam</strong></span> 
     </span>
     <span class='ocr_line' id='line_1_18' title="bbox 450 1531 2008 1583; baseline 0.001 -9"><span class='ocrx_word' id='word_1_132' title='bbox 450 1532 567 1574; x_wconf 89' lang='lat' dir='ltr'><strong>inter</strong></span> <span class='ocrx_word' id='word_1_133' title='bbox 606 1545 764 1574; x_wconf 90' lang='lat' dir='ltr'><strong>omnes</strong></span> <span class='ocrx_word' id='word_1_134' title='bbox 805 1531 1027 1583; x_wconf 89' lang='lat' dir='ltr'><strong>convenit,</strong></span> <span class='ocrx_word' id='word_1_135' title='bbox 1075 1535 1232 1575; x_wconf 88' lang='lat' dir='ltr'><strong>nostra</strong></span> <span class='ocrx_word' id='word_1_136' title='bbox 1270 1545 1363 1575; x_wconf 89' lang='lat' dir='ltr'><strong>non</strong></span> <span class='ocrx_word' id='word_1_137' title='bbox 1407 1531 1596 1575; x_wconf 73' lang='lat' dir='ltr'><strong>maltum</strong></span> <span class='ocrx_word' id='word_1_138' title='bbox 1635 1531 1822 1575; x_wconf 85' lang='lat' dir='ltr'><strong>interest</strong></span> <span class='ocrx_word' id='word_1_139' title='bbox 1859 1532 2008 1575; x_wconf 82' lang='lat' dir='ltr'><strong>utrum</strong></span> 
     </span>
     <span class='ocr_line' id='line_1_19' title="bbox 448 1599 2010 1656; baseline 0 -12"><span class='ocrx_word' id='word_1_140' title='bbox 448 1601 668 1644; x_wconf 86' lang='lat' dir='ltr'><strong>Aristides</strong></span> <span class='ocrx_word' id='word_1_141' title='bbox 716 1602 894 1644; x_wconf 91' lang='lat' dir='ltr'><strong>saeculo</strong></span> <span class='ocrx_word' id='word_1_142' title='bbox 940 1615 982 1656; x_wconf 91' lang='lat' dir='ltr'><strong>p.</strong></span> <span class='ocrx_word' id='word_1_143' title='bbox 1022 1601 1126 1644; x_wconf 89' lang='lat' dir='ltr'><strong>Chr.</strong></span> <span class='ocrx_word' id='word_1_144' title='bbox 1167 1615 1210 1644; x_wconf 93' lang='lat' dir='ltr'><strong>n.</strong></span> <span class='ocrx_word' id='word_1_145' title='bbox 1255 1601 1400 1656; x_wconf 91' lang='lat' dir='ltr'><strong>primo</strong></span> <span class='ocrx_word' id='word_1_146' title='bbox 1439 1604 1630 1644; x_wconf 88' lang='lat' dir='ltr'><strong>exeunte</strong></span> <span class='ocrx_word' id='word_1_147' title='bbox 1667 1601 1737 1644; x_wconf 85' lang='lat' dir='ltr'><strong>vel</strong></span> <span class='ocrx_word' id='word_1_148' title='bbox 1771 1600 1914 1644; x_wconf 87' lang='lat' dir='ltr'><strong>altero</strong></span> <span class='ocrx_word' id='word_1_149' title='bbox 1942 1599 2010 1645; x_wconf 86' lang='lat' dir='ltr'><strong>in-</strong></span> 
     </span>
     <span class='ocr_line' id='line_1_20' title="bbox 451 1668 2010 1725; baseline -0.001 -12"><span class='ocrx_word' id='word_1_150' title='bbox 451 1674 582 1713; x_wconf 89' lang='lat' dir='ltr'><strong>eunte</strong></span> <span class='ocrx_word' id='word_1_151' title='bbox 632 1683 690 1712; x_wconf 91' lang='lat' dir='ltr'><strong>an</strong></span> <span class='ocrx_word' id='word_1_152' title='bbox 742 1670 921 1713; x_wconf 87' lang='lat' dir='ltr'><strong>saeculo</strong></span> <span class='ocrx_word' id='word_1_153' title='bbox 971 1670 1105 1713; x_wconf 87' lang='lat' dir='ltr'><strong>tertio</strong></span> <span class='ocrx_word' id='word_1_154' title='bbox 1154 1671 1223 1713; x_wconf 87' lang='lat' dir='ltr'><strong>vel</strong></span> <span class='ocrx_word' id='word_1_155' title='bbox 1269 1674 1428 1725; x_wconf 89' lang='lat' dir='ltr'><strong>quarto</strong></span> <span class='ocrx_word' id='word_1_156' title='bbox 1476 1670 1620 1713; x_wconf 76' lang='lat' dir='ltr'><strong>fuerit.</strong></span> <span class='ocrx_word' id='word_1_157' title='bbox 1630 1671 1662 1724; x_wconf 90' lang='lat'><strong>¹)</strong></span> <span class='ocrx_word' id='word_1_158' title='bbox 1733 1669 1906 1714; x_wconf 86' lang='lat' dir='ltr'><strong>Deinde</strong></span> <span class='ocrx_word' id='word_1_159' title='bbox 1953 1668 2010 1712; x_wconf 84' lang='lat' dir='ltr'><strong>de</strong></span> 
     </span>
     <span class='ocr_line' id='line_1_21' title="bbox 450 1738 2010 1795; baseline 0 -13"><span class='ocrx_word' id='word_1_160' title='bbox 450 1740 707 1782; x_wconf 88' lang='lat' dir='ltr'><strong>auctoribus</strong></span> <span class='ocrx_word' id='word_1_161' title='bbox 752 1739 808 1782; x_wconf 89' lang='lat' dir='ltr'><strong>ab</strong></span> <span class='ocrx_word' id='word_1_162' title='bbox 855 1739 930 1781; x_wconf 93' lang='lat' dir='ltr'><strong>illo</strong></span> <span class='ocrx_word' id='word_1_163' title='bbox 971 1739 1208 1794; x_wconf 83' lang='lat' dir='ltr'><strong>exscriptis</strong></span> <span class='ocrx_word' id='word_1_164' title='bbox 1249 1753 1361 1795; x_wconf 90' lang='lat' dir='ltr'><strong>quae</strong></span> <span class='ocrx_word' id='word_1_165' title='bbox 1400 1739 1584 1782; x_wconf 87' lang='lat' dir='ltr'><strong>tandem</strong></span> <span class='ocrx_word' id='word_1_166' title='bbox 1614 1739 1847 1794; x_wconf 82' lang='lat' dir='ltr'><strong>explorata</strong></span> <span class='ocrx_word' id='word_1_167' title='bbox 1875 1738 2010 1782; x_wconf 65' lang='lat' dir='ltr'><strong>sunt?</strong></span> 
     </span>
     <span class='ocr_line' id='line_1_22' title="bbox 454 1806 2012 1863; baseline -0.001 -13"><span class='ocrx_word' id='word_1_168' title='bbox 454 1807 574 1850; x_wconf 91' lang='lat' dir='ltr'><strong>Nihil</strong></span> <span class='ocrx_word' id='word_1_169' title='bbox 605 1807 862 1861; x_wconf 88' lang='lat' dir='ltr'><strong>proficimur</strong></span> <span class='ocrx_word' id='word_1_170' title='bbox 893 1807 958 1850; x_wconf 91' lang='lat' dir='ltr'><strong>eis</strong></span> <span class='ocrx_word' id='word_1_171' title='bbox 990 1820 1102 1862; x_wconf 89' lang='lat' dir='ltr'><strong>quae</strong></span> <span class='ocrx_word' id='word_1_172' title='bbox 1134 1807 1190 1850; x_wconf 94' lang='lat' dir='ltr'><strong>de</strong></span> <span class='ocrx_word' id='word_1_173' title='bbox 1220 1808 1510 1851; x_wconf 89' lang='lat' dir='ltr'><strong>harmonicae</strong></span> <span class='ocrx_word' id='word_1_174' title='bbox 1534 1811 1579 1851; x_wconf 90' lang='lat' dir='ltr'><strong>et</strong></span> <span class='ocrx_word' id='word_1_175' title='bbox 1599 1807 1873 1863; x_wconf 87' lang='lat' dir='ltr'><strong>rhythmicae</strong></span> <span class='ocrx_word' id='word_1_176' title='bbox 1892 1806 2012 1862; x_wconf 89' lang='lat' dir='ltr'><strong>apud</strong></span> 
     </span>
     <span class='ocr_line' id='line_1_23' title="bbox 451 1876 2011 1928; baseline 0.001 -10"><span class='ocrx_word' id='word_1_177' title='bbox 451 1876 692 1919; x_wconf 87' lang='lat' dir='ltr'><strong>Aristidem</strong></span> <span class='ocrx_word' id='word_1_178' title='bbox 723 1876 834 1919; x_wconf 85' lang='lat' dir='ltr'><strong>artis</strong></span> <span class='ocrx_word' id='word_1_179' title='bbox 866 1877 1064 1919; x_wconf 87' lang='lat' dir='ltr'><strong>fontibus</strong></span> <span class='ocrx_word' id='word_1_180' title='bbox 1097 1877 1347 1920; x_wconf 89' lang='lat' dir='ltr'><strong>docuerunt</strong></span> <span class='ocrx_word' id='word_1_181' title='bbox 1378 1877 1621 1928; x_wconf 73' lang='lat' dir='ltr'><strong>SusemihL</strong></span> <span class='ocrx_word' id='word_1_182' title='bbox 1650 1876 1839 1928; x_wconf 88' lang='lat' dir='ltr'><strong>Deiters‚</strong></span> <span class='ocrx_word' id='word_1_183' title='bbox 1862 1876 2011 1920; x_wconf 80' lang='lat' dir='ltr'><strong>West-</strong></span> 
     </span>
     <span class='ocr_line' id='line_1_24' title="bbox 451 1944 2011 2000; baseline 0 -12"><span class='ocrx_word' id='word_1_184' title='bbox 451 1946 570 2000; x_wconf 90' lang='lat' dir='ltr'><strong>phal,</strong></span> <span class='ocrx_word' id='word_1_185' title='bbox 603 1945 783 1988; x_wconf 89' lang='lat' dir='ltr'><strong>Caesar.</strong></span> <span class='ocrx_word' id='word_1_186' title='bbox 843 1946 890 1988; x_wconf 91' lang='lat' dir='ltr'><strong>In</strong></span> <span class='ocrx_word' id='word_1_187' title='bbox 922 1946 1107 1988; x_wconf 89' lang='lat' dir='ltr'><strong>metrica</strong></span> <span class='ocrx_word' id='word_1_188' title='bbox 1137 1948 1232 1989; x_wconf 86' lang='lat' dir='ltr'><strong>arte</strong></span> <span class='ocrx_word' id='word_1_189' title='bbox 1274 1946 1461 1989; x_wconf 90' lang='lat' dir='ltr'><strong>redeunt</strong></span> <span class='ocrx_word' id='word_1_190' title='bbox 1499 1946 1709 1990; x_wconf 90' lang='lat' dir='ltr'><strong>universa</strong></span> <span class='ocrx_word' id='word_1_191' title='bbox 1748 1944 2011 2000; x_wconf 87' lang='lat' dir='ltr'><strong>disciplinae</strong></span> 
     </span>
     <span class='ocr_line' id='line_1_25' title="bbox 453 2013 2012 2069; baseline 0 -13"><span class='ocrx_word' id='word_1_192' title='bbox 453 2014 842 2069; x_wconf 89' lang='lat' dir='ltr'><strong>Hephaestioneae</strong></span> <span class='ocrx_word' id='word_1_193' title='bbox 873 2013 1187 2065; x_wconf 81' lang='lat' dir='ltr'><strong>fundamenta;</strong></span> <span class='ocrx_word' id='word_1_194' title='bbox 1219 2018 1324 2057; x_wconf 89' lang='lat' dir='ltr'><strong>sunt</strong></span> <span class='ocrx_word' id='word_1_195' title='bbox 1353 2017 1505 2057; x_wconf 87' lang='lat' dir='ltr'><strong>tamen</strong></span> <span class='ocrx_word' id='word_1_196' title='bbox 1529 2014 1777 2069; x_wconf 87' lang='lat' dir='ltr'><strong>permultae</strong></span> <span class='ocrx_word' id='word_1_197' title='bbox 1807 2027 1880 2058; x_wconf 88' lang='lat' dir='ltr'><strong>res</strong></span> <span class='ocrx_word' id='word_1_198' title='bbox 1910 2026 2012 2062; x_wconf 85' lang='lat' dir='ltr'><strong>eae-</strong></span> 
     </span>
     <span class='ocr_line' id='line_1_26' title="bbox 454 2082 2013 2139; baseline 0 -13"><span class='ocrx_word' id='word_1_199' title='bbox 454 2097 538 2138; x_wconf 90' lang='lat' dir='ltr'><strong>que</strong></span> <span class='ocrx_word' id='word_1_200' title='bbox 569 2083 688 2126; x_wconf 88' lang='lat' dir='ltr'><strong>haud</strong></span> <span class='ocrx_word' id='word_1_201' title='bbox 718 2084 852 2134; x_wconf 81' lang='lat' dir='ltr'><strong>leveS,</strong></span> <span class='ocrx_word' id='word_1_202' title='bbox 883 2096 996 2138; x_wconf 82' lang='lat' dir='ltr'><strong>quae</strong></span> <span class='ocrx_word' id='word_1_203' title='bbox 1027 2086 1072 2126; x_wconf 91' lang='lat' dir='ltr'><strong>et</strong></span> <span class='ocrx_word' id='word_1_204' title='bbox 1096 2084 1152 2126; x_wconf 91' lang='lat' dir='ltr'><strong>ab</strong></span> <span class='ocrx_word' id='word_1_205' title='bbox 1175 2084 1540 2138; x_wconf 88' lang='lat' dir='ltr'><strong>Hephaestionea</strong></span> <span class='ocrx_word' id='word_1_206' title='bbox 1561 2087 1605 2127; x_wconf 89' lang='lat' dir='ltr'><strong>et</strong></span> <span class='ocrx_word' id='word_1_207' title='bbox 1625 2086 1843 2139; x_wconf 88' lang='lat' dir='ltr'><strong>quantum</strong></span> <span class='ocrx_word' id='word_1_208' title='bbox 1862 2082 2013 2127; x_wconf 89' lang='lat' dir='ltr'><strong>videre</strong></span> 
     </span>
     <span class='ocr_line' id='line_1_27' title="bbox 456 2152 2012 2207; baseline 0.001 -12"><span class='ocrx_word' id='word_1_209' title='bbox 456 2153 557 2195; x_wconf 87' lang='lat' dir='ltr'><strong>licet</strong></span> <span class='ocrx_word' id='word_1_210' title='bbox 593 2153 649 2195; x_wconf 90' lang='lat' dir='ltr'><strong>ab</strong></span> <span class='ocrx_word' id='word_1_211' title='bbox 687 2152 959 2195; x_wconf 90' lang='lat' dir='ltr'><strong>Heliodorea</strong></span> <span class='ocrx_word' id='word_1_212' title='bbox 997 2152 1264 2207; x_wconf 79' lang='lat' dir='ltr'><strong>recedant.²)</strong></span> <span class='ocrx_word' id='word_1_213' title='bbox 1330 2153 1443 2196; x_wconf 91' lang='lat' dir='ltr'><strong>Nam</strong></span> <span class='ocrx_word' id='word_1_214' title='bbox 1481 2153 1585 2196; x_wconf 90' lang='lat' dir='ltr'><strong>licet</strong></span> <span class='ocrx_word' id='word_1_215' title='bbox 1613 2152 1836 2196; x_wconf 88' lang='lat' dir='ltr'><strong>Aristides</strong></span> <span class='ocrx_word' id='word_1_216' title='bbox 1869 2165 1912 2207; x_wconf 91' lang='lat' dir='ltr'><strong>p.</strong></span> <span class='ocrx_word' id='word_1_217' title='bbox 1942 2152 2012 2204; x_wconf 83' lang='lat'><strong>30,</strong></span> 
     </span>
    </p>
   </div>
   <div class='ocr_carea' id='block_1_3' title="bbox 456 2334 2018 2791">
    <p class='ocr_par' dir='ltr' id='par_1_3' title="bbox 456 2334 2018 2791">
     <span class='ocr_line' id='line_1_28' title="bbox 574 2334 2014 2382; baseline -0.001 -11"><span class='ocrx_word' id='word_1_218' title='bbox 574 2336 598 2381; x_wconf 87' lang='lat'><strong>¹)</strong></span> <span class='ocrx_word' id='word_1_219' title='bbox 625 2336 728 2380; x_wconf 89' lang='lat' dir='ltr'><strong>Quae</strong></span> <span class='ocrx_word' id='word_1_220' title='bbox 755 2336 891 2371; x_wconf 85' lang='lat' dir='ltr'><strong>Caesar</strong></span> <span class='ocrx_word' id='word_1_221' title='bbox 915 2337 1130 2381; x_wconf 85' lang='lat' dir='ltr'><strong>(Rhythmik</strong></span> <span class='ocrx_word' id='word_1_222' title='bbox 1160 2348 1195 2382; x_wconf 92' lang='lat' dir='ltr'><strong>p.</strong></span> <span class='ocrx_word' id='word_1_223' title='bbox 1221 2337 1243 2371; x_wconf 77' lang='lat'><strong>2</strong></span> <span class='ocrx_word' id='word_1_224' title='bbox 1274 2348 1376 2382; x_wconf 85' lang='lat' dir='ltr'><strong>sqq.;</strong></span> <span class='ocrx_word' id='word_1_225' title='bbox 1413 2335 1521 2371; x_wconf 84' lang='lat' dir='ltr'><strong>indic.</strong></span> <span class='ocrx_word' id='word_1_226' title='bbox 1556 2336 1638 2371; x_wconf 89' lang='lat' dir='ltr'><strong>lect.</strong></span> <span class='ocrx_word' id='word_1_227' title='bbox 1664 2334 1912 2379; x_wconf 72' lang='lat' dir='ltr'><strong>Marburssens.</strong></span> <span class='ocrx_word' id='word_1_228' title='bbox 1937 2334 2014 2371; x_wconf 85' lang='lat' dir='ltr'><strong>hib.</strong></span> 
     </span>
     <span class='ocr_line' id='line_1_29' title="bbox 459 2393 2014 2441; baseline -0.001 -12"><span class='ocrx_word' id='word_1_229' title='bbox 459 2395 615 2438; x_wconf 65' lang='lat'><strong>1862163.</strong></span> <span class='ocrx_word' id='word_1_230' title='bbox 643 2395 790 2439; x_wconf 71' lang='lat' dir='ltr'><em>1882s83</em></span> <span class='ocrx_word' id='word_1_231' title='bbox 822 2398 859 2430; x_wconf 90' lang='lat' dir='ltr'><strong>et</strong></span> <span class='ocrx_word' id='word_1_232' title='bbox 891 2398 981 2430; x_wconf 87' lang='lat' dir='ltr'><strong>aest.</strong></span> <span class='ocrx_word' id='word_1_233' title='bbox 1010 2395 1111 2441; x_wconf 77' lang='lat'>1884)</span> <span class='ocrx_word' id='word_1_234' title='bbox 1150 2396 1196 2430; x_wconf 91' lang='lat' dir='ltr'><strong>de</strong></span> <span class='ocrx_word' id='word_1_235' title='bbox 1226 2395 1397 2430; x_wconf 80' lang='lat' dir='ltr'><strong>Aristidis</strong></span> <span class='ocrx_word' id='word_1_236' title='bbox 1434 2397 1555 2430; x_wconf 85' lang='lat' dir='ltr'><strong>aetate</strong></span> <span class='ocrx_word' id='word_1_237' title='bbox 1591 2393 1778 2435; x_wconf 83' lang='lat' dir='ltr'><strong>disseruit,</strong></span> <span class='ocrx_word' id='word_1_238' title='bbox 1814 2393 2014 2429; x_wconf 83' lang='lat' dir='ltr'><strong>nemodum</strong></span> 
     </span>
     <span class='ocr_line' id='line_1_30' title="bbox 456 2451 2016 2499; baseline -0.001 -11"><span class='ocrx_word' id='word_1_239' title='bbox 456 2454 638 2488; x_wconf 77' lang='lat' dir='ltr'><strong>refutavit.</strong></span> <span class='ocrx_word' id='word_1_240' title='bbox 687 2454 839 2489; x_wconf 86' lang='lat' dir='ltr'><strong>Etiamsi</strong></span> <span class='ocrx_word' id='word_1_241' title='bbox 866 2454 1009 2499; x_wconf 82' lang='lat' dir='ltr'><strong>reliqua</strong></span> <span class='ocrx_word' id='word_1_242' title='bbox 1035 2458 1252 2499; x_wconf 81' lang='lat' dir='ltr'><strong>argumenta</strong></span> <span class='ocrx_word' id='word_1_243' title='bbox 1277 2455 1323 2489; x_wconf 93' lang='lat' dir='ltr'><strong>ab</strong></span> <span class='ocrx_word' id='word_1_244' title='bbox 1350 2465 1393 2489; x_wconf 95' lang='lat' dir='ltr'><strong>eo</strong></span> <span class='ocrx_word' id='word_1_245' title='bbox 1419 2454 1535 2489; x_wconf 88' lang='lat' dir='ltr'><strong>allata</strong></span> <span class='ocrx_word' id='word_1_246' title='bbox 1559 2464 1634 2489; x_wconf 91' lang='lat' dir='ltr'><strong>non</strong></span> <span class='ocrx_word' id='word_1_247' title='bbox 1663 2453 1862 2488; x_wconf 86' lang='lat' dir='ltr'><strong>admodum</strong></span> <span class='ocrx_word' id='word_1_248' title='bbox 1889 2451 2016 2497; x_wconf 72' lang='lat' dir='ltr'><strong>gravia</strong></span> 
     </span>
     <span class='ocr_line' id='line_1_31' title="bbox 458 2510 2017 2558; baseline -0.001 -12"><span class='ocrx_word' id='word_1_249' title='bbox 458 2523 540 2546; x_wconf 90' lang='lat' dir='ltr'><strong>esse</strong></span> <span class='ocrx_word' id='word_1_250' title='bbox 566 2512 823 2553; x_wconf 85' lang='lat' dir='ltr'><strong>concesserim,</strong></span> <span class='ocrx_word' id='word_1_251' title='bbox 849 2512 983 2548; x_wconf 90' lang='lat' dir='ltr'><strong>summi</strong></span> <span class='ocrx_word' id='word_1_252' title='bbox 1009 2515 1132 2547; x_wconf 88' lang='lat' dir='ltr'><strong>tamen</strong></span> <span class='ocrx_word' id='word_1_253' title='bbox 1158 2513 1333 2548; x_wconf 90' lang='lat' dir='ltr'><strong>momenti</strong></span> <span class='ocrx_word' id='word_1_254' title='bbox 1360 2516 1426 2554; x_wconf 79' lang='lat' dir='ltr'><strong>est.</strong></span> <span class='ocrx_word' id='word_1_255' title='bbox 1460 2513 1560 2558; x_wconf 92' lang='lat' dir='ltr'><strong>quod</strong></span> <span class='ocrx_word' id='word_1_256' title='bbox 1586 2515 1623 2547; x_wconf 92' lang='lat' dir='ltr'><strong>et</strong></span> <span class='ocrx_word' id='word_1_257' title='bbox 1645 2510 1796 2547; x_wconf 90' lang='lat' dir='ltr'><strong>Eusebii</strong></span> <span class='ocrx_word' id='word_1_258' title='bbox 1819 2520 1955 2546; x_wconf 82' lang='lat' dir='ltr'><strong>nomen</strong></span> <span class='ocrx_word' id='word_1_259' title='bbox 1979 2513 2017 2546; x_wconf 85' lang='lat' dir='ltr'><strong>et</strong></span> 
     </span>
     <span class='ocr_line' id='line_1_32' title="bbox 459 2568 2015 2617; baseline 0.001 -13"><span class='ocrx_word' id='word_1_260' title='bbox 459 2570 632 2605; x_wconf 85' lang='lat' dir='ltr'><strong>Florentii</strong></span> <span class='ocrx_word' id='word_1_261' title='bbox 658 2570 779 2615; x_wconf 87' lang='lat' dir='ltr'><strong>(Arist.</strong></span> <span class='ocrx_word' id='word_1_262' title='bbox 805 2582 839 2616; x_wconf 90' lang='lat' dir='ltr'><strong>p.</strong></span> <span class='ocrx_word' id='word_1_263' title='bbox 867 2571 898 2612; x_wconf 89' lang='lat'><strong>1,</strong></span> <span class='ocrx_word' id='word_1_264' title='bbox 924 2571 959 2616; x_wconf 90' lang='lat'><strong>5)</strong></span> <span class='ocrx_word' id='word_1_265' title='bbox 985 2571 1134 2607; x_wconf 86' lang='lat' dir='ltr'><strong>saeculo</strong></span> <span class='ocrx_word' id='word_1_266' title='bbox 1161 2572 1308 2607; x_wconf 90' lang='lat' dir='ltr'><strong>demum</strong></span> <span class='ocrx_word' id='word_1_267' title='bbox 1333 2571 1439 2607; x_wconf 90' lang='lat' dir='ltr'><strong>tertio</strong></span> <span class='ocrx_word' id='word_1_268' title='bbox 1468 2572 1527 2607; x_wconf 88' lang='lat' dir='ltr'><strong>vel</strong></span> <span class='ocrx_word' id='word_1_269' title='bbox 1560 2571 1682 2617; x_wconf 87' lang='lat' dir='ltr'><strong>potius</strong></span> <span class='ocrx_word' id='word_1_270' title='bbox 1712 2572 1843 2616; x_wconf 77' lang='lat' dir='ltr'><strong>quarto</strong></span> <span class='ocrx_word' id='word_1_271' title='bbox 1867 2568 1906 2605; x_wconf 90' lang='lat' dir='ltr'><strong>in</strong></span> <span class='ocrx_word' id='word_1_272' title='bbox 1930 2579 2015 2605; x_wconf 88' lang='lat' dir='ltr'><strong>con·</strong></span> 
     </span>
     <span class='ocr_line' id='line_1_33' title="bbox 458 2627 2014 2674; baseline 0.001 -12"><span class='ocrx_word' id='word_1_273' title='bbox 458 2628 687 2662; x_wconf 88' lang='lat' dir='ltr'><strong>suetudinem</strong></span> <span class='ocrx_word' id='word_1_274' title='bbox 723 2631 912 2663; x_wconf 87' lang='lat' dir='ltr'><strong>venerunt.</strong></span> <span class='ocrx_word' id='word_1_275' title='bbox 972 2629 1151 2664; x_wconf 85' lang='lat' dir='ltr'><strong>Florentii</strong></span> <span class='ocrx_word' id='word_1_276' title='bbox 1184 2640 1319 2664; x_wconf 90' lang='lat' dir='ltr'><strong>nomen</strong></span> <span class='ocrx_word' id='word_1_277' title='bbox 1359 2632 1508 2664; x_wconf 88' lang='lat' dir='ltr'><strong>auctore</strong></span> <span class='ocrx_word' id='word_1_278' title='bbox 1545 2629 1591 2664; x_wconf 91' lang='lat' dir='ltr'><strong>de</strong></span> <span class='ocrx_word' id='word_1_279' title='bbox 1623 2628 1683 2663; x_wconf 90' lang='lat' dir='ltr'><strong>Vit</strong></span> <span class='ocrx_word' id='word_1_280' title='bbox 1713 2627 1918 2674; x_wconf 79' lang='lat' dir='ltr'><strong>(Onomast.</strong></span> <span class='ocrx_word' id='word_1_281' title='bbox 1948 2630 2014 2664; x_wconf 85' lang='lat' dir='ltr'><strong>tot.</strong></span> 
     </span>
     <span class='ocr_line' id='line_1_34' title="bbox 460 2685 2017 2732; baseline 0.002 -13"><span class='ocrx_word' id='word_1_282' title='bbox 460 2686 534 2730; x_wconf 90' lang='lat' dir='ltr'><strong>lat.)</strong></span> <span class='ocrx_word' id='word_1_283' title='bbox 559 2685 715 2730; x_wconf 86' lang='lat' dir='ltr'><strong>primum</strong></span> <span class='ocrx_word' id='word_1_284' title='bbox 740 2686 874 2730; x_wconf 82' lang='lat' dir='ltr'><strong>legitur</strong></span> <span class='ocrx_word' id='word_1_285' title='bbox 898 2686 934 2721; x_wconf 90' lang='lat' dir='ltr'><strong>in</strong></span> <span class='ocrx_word' id='word_1_286' title='bbox 961 2688 1040 2722; x_wconf 91' lang='lat' dir='ltr'><strong>cod.</strong></span> <span class='ocrx_word' id='word_1_287' title='bbox 1067 2687 1192 2723; x_wconf 89' lang='lat' dir='ltr'><strong>lustin.</strong></span> <span class='ocrx_word' id='word_1_288' title='bbox 1218 2687 1250 2722; x_wconf 94' lang='lat' dir='ltr'><strong>II</strong></span> <span class='ocrx_word' id='word_1_289' title='bbox 1275 2688 1331 2728; x_wconf 85' lang='grc'><strong>38,</strong></span> <span class='ocrx_word' id='word_1_290' title='bbox 1359 2689 1374 2722; x_wconf 92' lang='grc'><strong>1</strong></span> <span class='ocrx_word' id='word_1_291' title='bbox 1411 2687 1447 2723; x_wconf 91' lang='lat' dir='ltr'><strong>in</strong></span> <span class='ocrx_word' id='word_1_292' title='bbox 1481 2687 1657 2732; x_wconf 89' lang='lat' dir='ltr'><strong>rescripto</strong></span> <span class='ocrx_word' id='word_1_293' title='bbox 1690 2686 1851 2732; x_wconf 76' lang='lat' dir='ltr'><strong>quodam</strong></span> <span class='ocrx_word' id='word_1_294' title='bbox 1883 2697 1916 2722; x_wconf 87' lang='lat' dir='ltr'><strong>a.</strong></span> <span class='ocrx_word' id='word_1_295' title='bbox 1949 2686 2017 2722; x_wconf 80' lang='lat'><strong>198</strong></span> 
     </span>
     <span class='ocr_line' id='line_1_35' title="bbox 461 2742 2018 2791; baseline 0.001 -13"><span class='ocrx_word' id='word_1_296' title='bbox 461 2756 493 2789; x_wconf 85' lang='lat' dir='ltr'><strong>p.</strong></span> <span class='ocrx_word' id='word_1_297' title='bbox 520 2744 601 2779; x_wconf 92' lang='lat' dir='ltr'><strong>Chr.</strong></span> <span class='ocrx_word' id='word_1_298' title='bbox 628 2755 661 2778; x_wconf 91' lang='lat' dir='ltr'><strong>n.</strong></span> <span class='ocrx_word' id='word_1_299' title='bbox 695 2745 793 2784; x_wconf 80' lang='lat' dir='ltr'><strong>dato,</strong></span> <span class='ocrx_word' id='word_1_300' title='bbox 826 2745 890 2779; x_wconf 88' lang='lat' dir='ltr'><strong>sed</strong></span> <span class='ocrx_word' id='word_1_301' title='bbox 923 2748 1073 2790; x_wconf 90' lang='lat' dir='ltr'><strong>propter</strong></span> <span class='ocrx_word' id='word_1_302' title='bbox 1097 2746 1264 2781; x_wconf 90' lang='lat' dir='ltr'><strong>codicum</strong></span> <span class='ocrx_word' id='word_1_303' title='bbox 1290 2746 1555 2791; x_wconf 85' lang='lat' dir='ltr'><strong>discrepantias</strong></span> <span class='ocrx_word' id='word_1_304' title='bbox 1585 2749 1707 2781; x_wconf 89' lang='lat' dir='ltr'><strong>utrum</strong></span> <span class='ocrx_word' id='word_1_305' title='bbox 1738 2742 1944 2781; x_wconf 81' lang='lat' dir='ltr'><strong>Florentius</strong></span> <span class='ocrx_word' id='word_1_306' title='bbox 1968 2755 2018 2780; x_wconf 86' lang='lat' dir='ltr'><strong>an</strong></span> 
     </span>
    </p>
   </div>
   <div class='ocr_carea' id='block_1_4' title="bbox 460 2802 2017 2904">
    <p class='ocr_par' dir='ltr' id='par_1_4' title="bbox 460 2802 2017 2904">
     <span class='ocr_line' id='line_1_36' title="bbox 460 2802 2017 2848; baseline 0.003 -13"><span class='ocrx_word' id='word_1_307' title='bbox 460 2802 691 2836; x_wconf 83' lang='lat' dir='ltr'><strong>Florentinus</strong></span> <span class='ocrx_word' id='word_1_308' title='bbox 717 2803 825 2838; x_wconf 86' lang='lat' dir='ltr'><strong>fuerit</strong></span> <span class='ocrx_word' id='word_1_309' title='bbox 854 2814 927 2838; x_wconf 88' lang='lat' dir='ltr'><strong>non</strong></span> <span class='ocrx_word' id='word_1_310' title='bbox 961 2803 1094 2848; x_wconf 89' lang='lat' dir='ltr'><strong>liquet;</strong></span> <span class='ocrx_word' id='word_1_311' title='bbox 1128 2803 1172 2838; x_wconf 81' lang='lat' dir='ltr'><strong>cf.</strong></span> <span class='ocrx_word' id='word_1_312' title='bbox 1199 2805 1309 2840; x_wconf 88' lang='lat' dir='ltr'><strong>etiam</strong></span> <span class='ocrx_word' id='word_1_313' title='bbox 1341 2805 1386 2840; x_wconf 92' lang='lat' dir='ltr'><strong>de</strong></span> <span class='ocrx_word' id='word_1_314' title='bbox 1419 2804 1527 2840; x_wconf 83' lang='lat' dir='ltr'><strong>Rossi</strong></span> <span class='ocrx_word' id='word_1_315' title='bbox 1559 2804 1614 2839; x_wconf 86' lang='lat' dir='ltr'><strong>La</strong></span> <span class='ocrx_word' id='word_1_316' title='bbox 1647 2803 1767 2838; x_wconf 80' lang='lat' dir='ltr'><strong>Roma</strong></span> <span class='ocrx_word' id='word_1_317' title='bbox 1798 2803 2017 2839; x_wconf 74' lang='lat' dir='ltr'><strong>Sotteranea</strong></span> 
     </span>
     <span class='ocr_line' id='line_1_37' title="bbox 461 2860 648 2904; baseline 0 -10"><span class='ocrx_word' id='word_1_318' title='bbox 461 2861 508 2895; x_wconf 90' lang='grc' dir='ltr'><strong>ιιι</strong></span> <span class='ocrx_word' id='word_1_319' title='bbox 533 2872 567 2904; x_wconf 87' lang='lat' dir='ltr'><strong>p.</strong></span> <span class='ocrx_word' id='word_1_320' title='bbox 592 2860 648 2895; x_wconf 72' lang='lat'><strong>42.</strong></span> 
     </span>
    </p>
   </div>
   <div class='ocr_carea' id='block_1_5' title="bbox 462 2930 2017 3033">
    <p class='ocr_par' dir='ltr' id='par_1_5' title="bbox 462 2930 2017 3033">
     <span class='ocr_line' id='line_1_38' title="bbox 575 2930 2017 2978; baseline 0.001 -14"><span class='ocrx_word' id='word_1_321' title='bbox 575 2930 604 2964; x_wconf 63' lang='lat'><strong>²}</strong></span> <span class='ocrx_word' id='word_1_322' title='bbox 622 2931 666 2965; x_wconf 87' lang='lat' dir='ltr'><strong>cf.</strong></span> <span class='ocrx_word' id='word_1_323' title='bbox 684 2932 819 2966; x_wconf 85' lang='lat' dir='ltr'><strong>Caesar</strong></span> <span class='ocrx_word' id='word_1_324' title='bbox 832 2932 1003 2977; x_wconf 84' lang='lat' dir='ltr'><strong>Rhythm.</strong></span> <span class='ocrx_word' id='word_1_325' title='bbox 1022 2944 1054 2977; x_wconf 90' lang='lat' dir='ltr'><strong>p.</strong></span> <span class='ocrx_word' id='word_1_326' title='bbox 1072 2933 1128 2973; x_wconf 82' lang='grc'><strong>33,</strong></span> <span class='ocrx_word' id='word_1_327' title='bbox 1145 2933 1338 2978; x_wconf 87' lang='lat' dir='ltr'><strong>Westphal</strong></span> <span class='ocrx_word' id='word_1_328' title='bbox 1355 2932 1482 2968; x_wconf 77' lang='lat' dir='ltr'><strong>Metrik</strong></span> <span class='ocrx_word' id='word_1_329' title='bbox 1498 2931 1532 2966; x_wconf 83' lang='lat'><strong>1²</strong></span> <span class='ocrx_word' id='word_1_330' title='bbox 1548 2942 1583 2977; x_wconf 90' lang='lat' dir='ltr'><strong>p.</strong></span> <span class='ocrx_word' id='word_1_331' title='bbox 1596 2930 1791 2973; x_wconf 73' lang='lat'><strong>229-231.</strong></span> <span class='ocrx_word' id='word_1_332' title='bbox 1810 2930 1852 2967; x_wconf 78' lang='lat' dir='ltr'><strong>G.</strong></span> <span class='ocrx_word' id='word_1_333' title='bbox 1867 2930 2017 2967; x_wconf 76' lang='lat' dir='ltr'><strong>Schultz</strong></span> 
     </span>
     <span class='ocr_line' id='line_1_39' title="bbox 462 2987 750 3033; baseline 0.007 -12"><span class='ocrx_word' id='word_1_334' title='bbox 462 2987 484 3021; x_wconf 91' lang='grc' dir='ltr'><strong>Ι.</strong></span> <span class='ocrx_word' id='word_1_335' title='bbox 511 2999 541 3022; x_wconf 88' lang='lat' dir='ltr'><strong>c.</strong></span> <span class='ocrx_word' id='word_1_336' title='bbox 567 2999 599 3032; x_wconf 84' lang='lat' dir='ltr'><strong>p.</strong></span> <span class='ocrx_word' id='word_1_337' title='bbox 626 2988 670 3023; x_wconf 67' lang='lat'><strong>22</strong></span> <span class='ocrx_word' id='word_1_338' title='bbox 696 3000 750 3033; x_wconf 88' lang='lat' dir='ltr'><strong>sq.</strong></span> 
     </span>
    </p>
   </div>
  </div>
 </body>
</html>
