2196 3438
1180 349 1197 351 ἧ
1207 288 1348 351 312..-

463 428 783 474 commentario
822 427 979 469 eodem
1021 426 1238 469 vocabulo
1276 424 1466 481 περίοδος
1503 425 1722 470 diversum
1753 425 1800 470 in
1829 425 2012 471 modum

461 511 588 542 usum
629 511 728 541 esse
769 499 911 550 neget,
947 494 1137 538 ascitum
1175 495 1276 538 volo
1315 494 1620 548 Heliodorum,
1658 494 1705 538 in
1736 495 1860 540 cuius
1889 494 2012 540 eolo-

461 567 619 611 metria
667 565 998 620 Aristophanea
1046 564 1091 606 in
1142 564 1283 607 schol.
1332 564 1434 607 Pae.
1486 563 1568 606 775
1624 563 1736 608 haec
1789 564 2013 619 leguntur:

461 635 672 694 μεταβολὴ
713 635 769 686 εἰς
805 631 1132 691 μονοστροφικήν
1170 629 1322 688 δυάδα,
1377 631 1838 684 ἑννεακαιδετιακώλους
1878 632 2012 687 (corr.

458 706 729 758 Thiemann)
790 703 971 759 ἔχουσαν
1022 700 1096 753 τὰς
1144 698 1435 758 περιόδους,
1488 699 1543 744 ὥν
1594 700 1643 744 τὸ
1679 698 1720 744 α’
1763 699 2012 747 bastulam

458 772 777 830 πενθημιμερές,
824 770 870 814 τὸ
902 768 938 828 β’
981 770 1222 826 περίοδος
1263 769 1525 827 προσοδιακή
1564 769 1676 814 mk:
1721 770 1775 814 cf.
1820 768 2011 815 eundem

460 843 503 884 in
545 842 684 885 schol.
723 840 833 884 Nub.
865 840 964 882 457.
1023 840 1113 883 Sed
1147 840 1192 883 in
1227 839 1551 883 commentario
1586 838 1777 894 duplicis
1813 838 2012 885 notionis

458 911 590 953 etiam
612 910 787 964 insigne
809 911 1014 964 superest
1035 907 1250 952 indicium
1270 909 1535 952 vocabulum
1556 906 1747 965 ἀρχικῆς.
1777 907 1890 952 Nam
1909 906 2014 954 lieet

458 979 513 1021 de
543 979 584 1021 vi
617 979 679 1021 illi
712 978 911 1021 subiecta
940 977 1156 1032 ambigam,
1169 979 1200 1032 ¹)
1230 977 1316 1020 hoc
1355 980 1524 1021 certum
1561 979 1694 1032 atque
1733 977 2012 1032 exploratum

460 1050 528 1091 est
559 1050 760 1103 spectare
797 1046 903 1090 illud
935 1059 1026 1090 non
1058 1046 1115 1090 ad
1146 1045 1297 1090 omnia
1327 1047 1414 1090 tria
1444 1047 1640 1099 nomina,
1672 1046 1752 1090 sed
1780 1045 1840 1089 ad
1873 1058 2012 1091 unum

459 1117 722 1160 vocabulum
767 1115 970 1171 περίοδος.
1042 1115 1189 1171 Atque
1234 1115 1408 1159 collatis
1453 1115 1763 1159 commentarii
1792 1115 1829 1158 Π
1862 1114 2012 1160 verbis

454 1200 495 1241 p.
528 1186 621 1229 XIII
643 1185 822 1228 G—XIV
848 1186 867 1227 1
896 1184 938 1236 ἐξ
965 1182 1117 1242 ὁμοίων
1148 1183 1195 1227 δὲ
1226 1184 1349 1239 ἐστιν,
1379 1182 1486 1241 ἅπερ
1515 1182 1595 1228 ὑπὸ
1625 1182 1796 1241 ποδὸςῆ
1818 1182 2014 1241 συζυγίας

452 1253 480 1310 ἤ
528 1252 719 1310 περιόδου
762 1259 1080 1311 καταμετρεῖται
1123 1257 1167 1297 et
1209 1268 1253 1309 p.
1292 1254 1430 1298 XXIV
1467 1255 1594 1298 3-4
1634 1250 1899 1311 ἀπεριόριστα
1939 1253 2015 1310 μὲν

457 1320 592 1365 ὁπόσα
631 1321 709 1366 ὑπὸ
739 1323 811 1366 τοῦ
850 1318 978 1366 αὐτοῦ
1014 1321 1141 1374 ποδὸς
1177 1321 1205 1379 ἠ
1235 1322 1310 1379 τῆς
1339 1318 1467 1380 αὐτῆς
1503 1323 1697 1380 συζυγίας
1731 1319 2014 1381 καταμετρῶ-

454 1406 557 1449 μενα
602 1390 630 1448 ἧ
677 1389 871 1448 περιόδου
917 1405 1009 1435 non
1048 1392 1224 1444 dubito,
1264 1393 1371 1447 quin
1410 1393 1721 1436 commentarii
1758 1393 1776 1436 1
1819 1392 2012 1448 scriptor

452 1461 715 1504 vocabulum
747 1459 927 1518 ἀρχικῆς
955 1460 1191 1513 addiderit,
1221 1463 1270 1504 ut
1300 1461 1418 1504 hanc
1446 1461 1682 1516 periodum
1722 1460 2015 1516 distingueret

453 1532 508 1573 ab
541 1544 605 1583 ea,
637 1544 769 1585 quam
799 1532 958 1585 postea
985 1544 1028 1585 p.
1060 1530 1115 1573 VI
1145 1530 1172 1572 9
1203 1543 1298 1585 sqq.
1330 1530 1544 1573 allaturus
1576 1532 1684 1574 erat.

572 1611 689 1666 Ergo
729 1610 1016 1654 statuendum
1053 1613 1122 1653 est
1153 1623 1252 1653 eam
1284 1614 1403 1669 clerte
1425 1610 1733 1654 commentarii
1763 1610 1781 1654 1
1809 1610 2012 1663 formam,

455 1694 566 1735 quae
614 1681 660 1723 in
706 1680 935 1723 codicibus
980 1680 1153 1734 legitur,
1192 1680 1329 1732 ,unius
1376 1681 1573 1724 hominis
1619 1680 1800 1735 ingenio
1838 1679 2011 1723 deberit

455 1750 682 1803 quaeritur
728 1763 835 1793 num
882 1750 1018 1792 homo
1056 1749 1131 1792 ille
1169 1749 1303 1792 fuerit
1339 1749 1628 1804 Hephaestio.
1695 1749 1847 1805 Neque
1890 1748 2011 1792 enim

455 1831 554 1860 curn
603 1818 939 1873 Hephaestione
982 1820 1166 1861 auctore
1212 1821 1395 1873 pugnat,
1440 1818 1560 1873 quod
1604 1831 1740 1873 supra
1782 1830 2012 1862 commen-

454 1887 616 1929 tarium
654 1900 708 1929 ex
747 1887 964 1942 ampliore
995 1887 1282 1931 enarratione
1312 1890 1571 1943 excerptum
1602 1901 1704 1931 esse
1734 1900 1789 1930 ex
1826 1886 2012 1931 scholiis

453 1956 581 1998 alteri
611 1957 704 2011 περὶ
733 1952 964 2012 ποιήματος
995 1955 1316 1999 commentario
1338 1955 1526 2000 adnexis
1548 1956 1863 2000 conclusimus.
1921 1955 2011 2000 He-

453 2025 658 2078 phaestio
697 2028 746 2067 ut
782 2028 1140 2081 asynartetorum
1180 2025 1526 2080 explicationem
1563 2039 1618 2069 ex
1655 2025 1827 2069 maiore
1856 2024 2012 2068 enchi-

454 2093 582 2146 ridio,
628 2094 747 2148 quod
790 2094 935 2137 tribus
982 2094 1220 2138 constabat
1263 2094 1405 2147 libris,
1452 2095 1681 2138 festinanti
1725 2094 1898 2137 calamo
1936 2106 2013 2137 ex-

454 2162 647 2216 scripsit,
680 2163 812 2205 simili
845 2163 917 2205 via
948 2163 994 2205 in
1026 2166 1284 2217 poematum
1322 2163 1559 2218 generibus
1598 2162 1906 2207 describendis
1944 2163 2013 2206 in-

453 2231 576 2285 gredi
605 2232 764 2286 potuit.
824 2232 1034 2286 Singulas
1073 2232 1206 2287 igitur
1252 2232 1413 2287 quibus
1453 2233 1562 2276 haec
1593 2232 1795 2288 quaestio
1826 2231 2011 2276 dissolvi

456 2300 813 2354 queat-rationes
844 2314 899 2343 ex
931 2301 1088 2344 ordine
1118 2314 1480 2356 percenseamus·

455 2495 675 2531 carminibus
708 2498 745 2537 ἐξ
776 2495 906 2541 ὁμοίων
935 2508 969 2542 p.
995 2497 1043 2533 1v
1071 2498 1124 2540 12,
1149 2498 1215 2533 sed
1242 2508 1287 2533 ea
1318 2498 1364 2533 de
1389 2508 1465 2543 qua
1487 2498 1525 2534 in
1551 2497 1772 2534 carminibus
1795 2497 1891 2534 πιανὶ.
1914 2507 2010 2543 περι-

453 2554 568 2598 κοπὴν
597 2551 882 2599 ἀνομοιομερὲσιν
912 2566 946 2600 p.
973 2556 1019 2591 VI
1051 2557 1072 2591 9
1098 2567 1180 2602 sqq.
1206 2557 1334 2602 agitur,
1359 2556 1430 2592 nisi
1462 2557 1562 2602 quod
1592 2556 1804 2599 scholiasta,
1836 2555 2012 2602 quoniam

454 2612 615 2647 carmina
646 2615 683 2654 ἐξ
719 2611 847 2657 ὁμοίων
872 2613 1191 2659 interpretabatur,
1226 2615 1391 2651 colorum
1416 2615 1534 2651 solam
1559 2614 1804 2661 quantitatem
1827 2614 2011 2651 diversam

454 2671 587 2705 diserte
624 2672 933 2707 commemoravit.
995 2672 1131 2708 Caesar
1163 2683 1244 2708 cum
1278 2673 1315 2709 in
1347 2674 1489 2709 emend.
1521 2673 1639 2720 Heph.
1670 2673 1703 2709 11
1734 2685 1769 2720 p.
1800 2672 1915 2711 XVIII
1943 2684 2010 2719 pro

452 2726 475 2771 ἡ
513 2730 556 2762 ἐκ
591 2729 770 2772 διαφόρων
805 2730 931 2764 κώλων
963 2731 1198 2766 scribendum
1231 2742 1314 2767 esse
1347 2735 1516 2768 censeret
1545 2730 1569 2777 ἡ
1602 2734 1646 2766 ἐκ
1676 2730 1855 2776 διαφόρων
1883 2731 2010 2775 ποδῶν,

454 2786 643 2827 rationem,
669 2797 765 2831 quae
790 2788 885 2823 inter
909 2788 982 2823 duo
1007 2788 1074 2824 illa
1092 2789 1281 2825 enuntiata
1294 2790 1497 2832 intercedit,
1522 2789 1794 2836 praepositione
1815 2788 1886 2834 γάρ
1909 2789 2010 2825 lucu-

453 2843 570 2878 lenter
594 2844 811 2880 illustratam
837 2857 1029 2891 perperam
1047 2847 1192 2883 delevit.

572 2914 596 2957 ¹)
620 2914 778 2950 Aliunde
804 2916 892 2951 mihi
918 2919 1080 2960 περίοδος
1105 2914 1239 2963 ἀρχική
1266 2929 1340 2954 non
1365 2919 1543 2961 innotuit;
1568 2919 1613 2955 cf.
1629 2917 1721 2955 Guil.
1745 2917 1867 2954 Christ
1882 2917 2010 2953 nen-ik

454 2971 508 3004 ed.
535 2971 565 3005 11
598 2983 631 3015 p.
657 2972 712 3007 87.
