2196 3438
898 309 1036 376 „a

204 451 365 502 fiune
394 451 596 510 indidem
618 450 877 506 explicavit,
900 450 1019 493 unde
1043 450 1356 493 universorum
1375 460 1589 504 generum
1610 447 1762 491 metri-

204 518 377 570 fflm'
405 515 591 565 nomina
634 519 881 564 desiderari
927 519 1151 574 expedivit
1193 519 1238 562 h.
1278 531 1315 561 e.
1360 530 1416 561 ex
1461 516 1602 572 ipsius
1641 517 1763 560 colo—

203 590 392 637 metriae
437 590 588 634 indole
626 593 760 645 atque
800 589 987 633 ratione.
1063 588 1143 632 Cui
1188 587 1388 643 quamvis
1430 587 1619 630 multum
1656 598 1764 629 con-

205 659 377 711 udam,
422 659 610 704 nomina
654 653 983 714 ἀλλοιόστροφα,
1022 654 1314 713 ἓτερόστροφα,
1359 651 1625 712 ἀπεριόριστα
1670 668 1763 698 non

205 731 315 777 ‘ut
347 729 591 785 generalia,
629 731 678 772 ut
714 725 927 784 ὁμοιοειδῆ
965 727 1033 770 vel
1072 729 1349 781 asynarteta,
1394 725 1474 769 sed
1508 725 1764 780 peculiaria,

204 810 320 857 με
347 797 725 854 quemadmodum
762 809 792 840 a
828 795 1086 839 nominibus
1126 792 1433 852 μονοπροφικοί
1469 794 1539 837 vel
1579 789 1766 849 ἐπῳδικσί

204 865 418 914 &flerunt
444 880 539 911 non
567 865 712 909 video.
771 864 1042 908 Heliodorus
1064 864 1197 919 igitur
1218 863 1402 907 nomina
1427 862 1502 905 illa
1531 865 1609 906 aut
1638 862 1766 917 igno-

203 935 321 983 luit
348 938 440 989 ant,
468 936 519 979 id
545 935 667 991 quod
694 934 878 990 propius
909 948 936 977 a
966 934 1152 977 veritate
1187 933 1348 976 abesse
1384 931 1581 983 videtur,
1627 931 1765 987 siqui-

206 1004 529 1053 munumina
556 1004 635 1048 illa
666 1004 724 1047 ab
758 1003 1095 1059 Hephaestione
1133 1002 1313 1046 demum
1348 1003 1450 1045 ficta
1493 1014 1594 1044 esse
1632 1013 1766 1044 nemo

205 1073 296 1122 di
329 1073 641 1130 persuadebit,
687 1073 892 1116 consulto
937 1072 985 1115 in
1031 1072 1293 1115 colometria
1329 1073 1380 1114 ut
1413 1070 1545 1113 nimis
1575 1070 1766 1113 molesta

205 1145 285 1189 nt
307 1143 520 1189 vinti-ima
548 1142 741 1186 evitavit.
801 1142 891 1186 Sed
919 1141 965 1184 in
992 1141 1132 1193 libris,
1163 1141 1324 1196 quibus
1354 1139 1593 1182 artificiose
1624 1142 1764 1182 totam

205 1211 460 1267 §catinam
488 1213 724 1256 metricam
762 1211 1020 1262 illustravit,
1065 1223 1165 1253 eum
1205 1223 1297 1252 non
1336 1222 1467 1252 secus
1506 1211 1639 1263 atque
1677 1207 1767 1251 He-

204 1280 521 1338 phaestionem
552 1281 734 1336 copiose
773 1280 828 1323 de
867 1280 1115 1323 carminum
1160 1278 1398 1333 generibus
1438 1277 1584 1332 egisse
1623 1277 1766 1333 quivis

206 1349 439 1397 modet-
497 1350 644 1405 Atque
680 1350 727 1392 in
765 1350 850 1392 hac
887 1362 1064 1404 quoque
1105 1361 1152 1391 re
1188 1347 1341 1390 Iubam
1369 1346 1601 1390 Heliodori
1631 1346 1767 1389 vesti-

207 1418 545 1475 giis-institisse
574 1419 668 1463 veri
698 1422 767 1462 est
797 1418 1089 1462 simillimum.

315 1489 494 1533 Contra
522 1489 666 1532 Varro
704 1501 758 1531 ea
794 1488 1079 1543 potissimum
1118 1501 1142 1529 e
1177 1486 1358 1529 Graecis
1397 1485 1443 1528 in
1480 1485 1621 1528 libros
1660 1498 1766 1528 suos

208 1557 454 1610 maulit,
484 1571 598 1613 quae
629 1558 675 1600 in
704 1557 851 1612 poetis
872 1557 1089 1600 Romanis
1115 1554 1465 1610 interpretandis
1495 1554 1595 1597 usui
1626 1557 1766 1597 erant.

207 1625 525 1672 Verumtamen
570 1629 615 1669 et
657 1639 685 1669 a
722 1625 880 1668 Plauto
920 1624 1222 1679 Terentioque
1265 1626 1310 1666 et
1353 1637 1380 1666 a
1425 1622 1584 1666 ceteris
1621 1623 1767 1678 poetis

207 1694 429 1740 Romanis
459 1694 728 1739 multifariae
759 1694 861 1738 illae
901 1694 1188 1748 stropharum
1226 1691 1630 1743 conformationes,
1675 1692 1768 1747 qui-

209 1764 295 1812 Νσ
322 1764 674 1820 Hephaestionis
705 1763 937 1806 doctrinae
974 1763 1312 1806 fundamentum
1351 1761 1558 1812 efficitur,
1596 1761 1769 1804 alienae

210 1836 330 1881 mi..
379 1834 565 1879 Caesius
595 1833 852 1876 universam
875 1833 966 1875 sere
987 1831 1239 1875 doctrinam
1260 1831 1494 1874 metricam
1514 1830 1572 1873 ad
1592 1830 1766 1873 Horatii

209 1902 413 1949 earmina
447 1902 714 1958 explicanda
751 1902 934 1954 direxit,
978 1901 1325 1944 Fortunatianus
1363 1914 1406 1954 p.
1436 1900 1540 1950 278,
1575 1901 1623 1943 11
1667 1913 1765 1955 sqq.

211 1971 350 2020 mdo
380 1972 592 2016 universa
627 1975 723 2014 arte
761 1971 947 2014 metrica
985 1983 1038 2013 eo
1075 1973 1249 2012 tantum
1288 1969 1478 2011 consilio
1522 1981 1675 2023 agere,
1720 1971 1769 2011 ut

210 2040 434 2088 admetra
452 2041 701 2085 Horatiana
721 2040 891 2083 aditum
919 2039 1006 2082 sibi
1027 2039 1311 2093 patefaceret,
1341 2037 1508 2080 diserte
1537 2038 1768 2091 professus

213 2113 297 2156 est.
367 2110 426 2155 Hi
471 2111 604 2166 igitur
649 2123 830 2153 causam
875 2111 1081 2151 accurate
1126 2108 1181 2150 de
1225 2108 1482 2162 poematum
1531 2106 1768 2160 generibus

213 2179 376 2236 agendi
406 2193 500 2223 non
531 2179 773 2230 habebant,
804 2178 892 2221 nisi
929 2178 985 2220 de
1017 2176 1290 2219 carminibus
1318 2175 1578 2219 Horatianis
1612 2188 1770 2218 mono-

215 2248 444 2305 nttophice
483 2248 752 2303 conscriptis
788 2259 931 2302 pauca
968 2259 1152 2289 monere
1198 2259 1253 2288 ex
1291 2258 1338 2288 re
1375 2258 1476 2288 esse
1512 2244 1770 2287 censebant.

324 2317 472 2375 Atque
516 2317 742 2362 Caesius
785 2316 986 2371 quidem,
1037 2328 1138 2358 cum
1183 2314 1383 2357 carmina
1424 2313 1672 2356 Horatiana
1716 2326 1770 2355 ex

215 2386 376 2432 ordine
419 2387 693 2443 perlustrare
738 2385 1005 2435 institueret,
1047 2383 1092 2426 in
1131 2383 1276 2438 primo
1317 2382 1514 2425 carmine
1554 2382 1771 2437 interpre-

215 2455 356 2501 tando
398 2455 456 2500 de
497 2455 708 2499 universa
751 2454 924 2497 Horatii
969 2452 1216 2496 carminum
1260 2450 1616 2494 conformatione
1662 2451 1771 2494 haec

212 2525 496 2581 praemonuit
524 2525 585 2580 (p.
614 2524 711 2575 266,
732 2523 944 2574 26—267,
965 2523 1030 2573 Q:

328 2593 680 2648 „Monostropha
711 2595 926 2635 vocantur
961 2591 1070 2634 haec
1110 2588 1323 2642 carmina,
1361 2588 1464 2644 quia
1492 2589 1551 2632 ad
1578 2589 1772 2643 primam

215 2663 434 2719 strophen
465 2666 611 2706 cetera
642 2661 919 2717 respondent
950 2660 1098 2703 nulla
1128 2658 1540 2702 interveniente
1576 2658 1771 2713 epodo,

215 2745 329 2790 quac
358 2745 459 2776 cum
485 2746 513 2775 a
540 2732 685 2787 prima
714 2730 899 2786 strophe
927 2729 1117 2779 differat,
1147 2728 1282 2771 faciat
1306 2740 1418 2778 eam,
1450 2740 1582 2782 quam
1613 2726 1771 2770 musici

214 2805 260 2846 et
286 2801 565 2858 grammatici
594 2800 740 2843 triada
770 2799 1046 2842 nominant.“

330 2870 454 2923 Quae
494 2868 719 2913 enarratio
764 2867 967 2923 quamvis
1011 2866 1070 2910 ad
1107 2868 1277 2909 certum
1315 2868 1542 2908 auctorem
1575 2864 1772 2909 revocari

216 2940 423 2997 nequeat,
453 2952 507 2982 ex
538 2938 695 2983 eodem
728 2936 851 2979 fonte
882 2936 1041 2979 hausta
1074 2948 1174 2978 esse
1206 2933 1379 2977 videtur
1409 2947 1462 2976 ex
1494 2946 1582 2989 quo
1611 2933 1772 2976 Aristi-

217 3008 288 3053 dis
317 3008 469 3060 Quint.
500 3007 635 3051 verba
667 3021 708 3061 p.
731 3006 799 3057 37,
828 3007 879 3049 12
911 3018 975 3060 sq.
1006 3004 1079 3046 καὶ
1107 3002 1229 3046 πάλιν
1258 2999 1415 3045 τούτων
1444 3007 1524 3055 (sc.
1555 3000 1635 3045 τῶν
1665 3000 1768 3044 οἶντιΟ

1553 3093 1564 3116 Ι
