2196 3438
1211 332 1269 375 50

462 471 565 525 fingi
602 467 929 526 potest-nevzdg
961 469 1148 513 minimo
1181 483 1280 514 cum
1312 469 1598 513 incommodo
1629 470 1675 514 in
1697 472 1896 519 carmine
1910 485 2022 530 quo⁶

462 541 564 582 dam
597 540 839 590 mesodico,
873 540 917 582 in
950 553 1036 595 quo
1069 553 1174 583 num
1194 539 1512 595 Hepaestionis
1533 540 1811 596 temporibus
1837 544 2020 598 praesto

462 609 592 651 suerit
632 608 872 663 disceptari
914 608 1081 663 nequit.
1141 608 1398 652 Scholiasta
1434 622 1477 664 p.
1508 607 1607 652 XIX
1641 609 1753 652 7-8
1779 609 2057 666 pent-ndum

463 677 687 720 rettulisse
733 676 908 719 videtur
951 677 1008 719 ad
1051 676 1328 732 palinodica,
1384 676 1576 720 fortasse
1621 690 1723 721 cum
1767 679 1885 724 hanc
1933 678 2020 725 sibi

464 747 647 799 fingeret
679 746 869 788 formam
899 746 938 788 A
970 746 1004 788 B
1037 745 1071 789 C
1103 742 1154 788 B'
1181 742 1246 799 A',
1278 759 1390 802 quae
1422 746 1587 789 rectius
1609 746 1801 793 dicenda
1827 750 2020 794 estme-

465 814 630 857 sodica.
690 814 815 856 Adde
855 814 974 869 quod
1012 815 1264 858 Demetrius
1303 815 1545 859 Triclinius
1583 815 1721 860 verba
1758 815 1814 860 de
1858 817 2020 874 quibus

462 883 604 937 agitur
650 882 709 925 ita
748 882 1066 937 interpretatus
1105 886 1195 935 est,
1233 886 1282 927 ut
1319 880 1502 926 πεντάδα
1550 881 1759 940 ἐπῳδικήν
1803 886 2021 931 statueret

465 965 643 994 carmen
675 950 763 994 AA‘
795 950 879 994 BB‘
914 951 947 995 C
994 952 1066 1006 (cf.
1107 952 1247 996 schol.
1292 952 1350 995 ad
1395 953 1533 1008 Soph.
1586 952 1735 1008 Antig.
1780 953 1877 998 332.
1919 952 2019 1002 581.

463 1021 624 1063 Trach.
657 1021 710 1062 93
743 1019 810 1076 [in
842 1021 1053 1076 Sophocl.
1084 1024 1195 1076 trag.
1227 1021 1295 1065 ed.
1326 1022 1410 1065 Ad.
1440 1022 1698 1073 Turnebus3
1727 1022 1857 1067 Paris
1888 1023 2019 1076 1553;

465 1104 504 1145 p.
538 1091 605 1141 85,
637 1091 703 1132 28.
736 1091 804 1141 88,
840 1091 905 1132 16.
941 1091 1034 1142 121,
1065 1089 1154 1147 29].
1214 1091 1317 1134 Eur.
1347 1091 1453 1134 Hec.
1485 1091 1581 1134 905.
1650 1090 2020 1144 Similiterkmoic

464 1155 652 1214 ἐπῳδική
696 1158 859 1202 dicitur
904 1160 950 1202 in
996 1160 1138 1203 schol.
1182 1160 1240 1203 ad
1283 1161 1446 1204 Aesch.
1490 1161 1644 1215 Agam.
1691 1161 1775 1204 355
1814 1174 1911 1217 sqq.
1949 1161 2018 1206 ed.

463 1227 656 1271 Dindorf
691 1227 737 1270 in
775 1228 936 1272 Philol.
968 1229 1048 1272 XX
1084 1243 1127 1284 p.
1159 1229 1245 1285 36).
1305 1229 1396 1273 Sed
1431 1229 1518 1272 hoc
1556 1229 1662 1274 fecit
1700 1242 1793 1273 non
1828 1233 1935 1282 tam,
1970 1232 2020 1274 ut

463 1296 807 1351 Hephaestionis
845 1298 983 1340 verba
1021 1297 1400 1352 interpretaretur,
1437 1310 1584 1353 quam,
1621 1300 1671 1342 ut
1707 1298 1860 1352 generi
1907 1298 2018 1343 satis

464 1365 721 1420 pervulgato
773 1379 938 1409 nomen
989 1366 1177 1419 inderet,
1228 1366 1349 1422 quod
1402 1366 1513 1410 alias
1570 1367 1738 1410 frustra
1785 1366 2018 1423 quaesivit.

466 1435 655 1476 Prorsus
687 1434 850 1477 futtilia
882 1437 999 1486 sunt,
1031 1448 1144 1491 quae
1175 1435 1222 1477 in
1253 1435 1392 1478 schol.
1424 1434 1483 1477 ad
1511 1435 1640 1478 Pind.
1672 1434 1740 1478 Ol.
1770 1433 1790 1478 1
1821 1435 1841 1479 1
1874 1435 1936 1491 (p.
1965 1436 2014 1479 11

463 1504 529 1545 ed.
577 1503 790 1558 Boeckh.)
844 1504 899 1546 de
944 1504 1110 1555 triade,
1155 1504 1351 1555 tetrade,
1395 1503 1590 1559 pentade
1638 1505 2019 1559 praescribuntur,

463 1572 826 1627 quandoquidem
865 1573 1063 1628 strophis
1096 1573 1295 1628 epodicis
1327 1573 1498 1616 insulse
1530 1573 1894 1618 intermiscentur
1919 1587 2019 1618 ver—

462 1655 537 1684 sus
582 1641 777 1696 epodici;
824 1642 877 1685 cs.
925 1642 1064 1685 schol.
1102 1643 1149 1685 in
1187 1642 1396 1697 Hermog.
1441 1642 1487 1685 in
1521 1642 1654 1686 Rhet.
1690 1655 1754 1697 gr.
1794 1641 1899 1696 (W.)
1945 1643 2020 1687 vn

461 1724 502 1765 p.
542 1711 639 1762 820,
683 1711 709 1753 6
755 1725 850 1766 sqq.
940 1711 1111 1763 Quodsi
1163 1711 1438 1766 quaesiveris
1476 1714 1626 1754 utrum
1679 1714 1916 1767 excerptor
1958 1724 2018 1756 an

460 1780 668 1823 librarius
699 1781 1052 1835 perturbationis
1084 1784 1241 1824 auctor
1270 1780 1417 1831 fuerit,
1457 1780 1644 1823 Tzetzes
1685 1783 1730 1823 et
1759 1780 2016 1833 scholiasta,

462 1862 572 1903 quos
613 1849 772 1892 ceteris
812 1850 1087 1905 excerptoris
1126 1850 1392 1893 commentis
1439 1862 1530 1893 non
1568 1849 1767 1893 caruisse
1810 1849 2017 1903 vidimus,

461 1918 518 1959 ad
550 1918 780 1961 librarium
812 1932 896 1962 nos
929 1922 1153 1962 revocant.

573 1988 935 2042 Deprehendisse
971 2002 1078 2031 vero
1117 1988 1228 2031 mihi
1265 1988 1421 2031 videor
1459 1987 1796 2043 interpolatoris
1833 2001 2017 2035 manum

461 2057 507 2099 in
538 2057 784 2099 carminum
816 2056 859 2109 ἐξ
889 2055 1040 2114 ὁμοίων
1061 2057 1376 2113 descriptione.
1437 2057 1707 2113 Exemplum
1726 2057 1854 2101 affert
1877 2057 2018 2113 scrip-

460 2129 531 2168 tor
560 2140 601 2181 p.
632 2126 727 2168 XIV
758 2127 783 2168 3
816 2140 913 2182 sqq.
959 2141 1052 2170 non
1097 2127 1192 2170 eius
1239 2127 1421 2178 formae,
1467 2141 1599 2182 quam
1646 2126 1689 2179 ἐξ
1733 2124 1886 2184 ὁμοίων
1914 2139 2016 2171 esse

462 2195 594 2237 modo
641 2195 813 2246 docuit,
861 2196 941 2238 sed
993 2196 1055 2238 ita
1108 2195 1459 2247 conformatum,
1512 2198 1561 2238 ut
1605 2195 1663 2238 sit
1707 2193 1819 2238 κατὰ
1861 2193 2017 2252 σχίσιν,

461 2264 623 2319 quippe
654 2264 699 2305 in
731 2278 818 2319 quo
850 2277 1062 2307 numerus
1095 2264 1153 2307 sit
1183 2264 1519 2307 determinatus.
1579 2264 1729 2319 Itaque
1751 2264 1789 2307 si
1811 2263 2016 2309 enuntia-

460 2336 553 2374 tum
592 2330 734 2388 διόπερ
772 2334 846 2375 καὶ
889 2333 940 2374 τοὶ
979 2331 1285 2390 μονοστροφικά
1323 2358 1380 2364 -
1415 2332 1634 2389 νομίζομεν
1671 2335 1878 2379 accurate
1906 2345 2015 2376 con-

462 2402 740 2455 templamur,
786 2399 893 2444 οὕτω
942 2402 1052 2445 nihil
1101 2402 1222 2445 aliud
1267 2401 1516 2456 significare
1561 2404 1712 2457 potest
1764 2401 1853 2447 nisi
1903 2401 2015 2445 κατὰ

461 2469 614 2526 σχέσιν.
682 2471 771 2513 Sed
817 2471 923 2525 quid
970 2472 1066 2515 est?
1132 2471 1293 2514 Nonne
1340 2469 1660 2528 μονοστροφικά,
1702 2472 1858 2526 utpote
1901 2482 2015 2526 quae

461 2539 655 2581 efficiant
692 2540 887 2593 speciem
934 2543 1014 2582 τῶν
1051 2539 1163 2582 κατὰ
1207 2539 1369 2596 σχέσιν,
1407 2540 1559 2582 omnia
1597 2538 1855 2583 necessario
1893 2551 2015 2582 com-

460 2608 609 2662 posita
640 2611 744 2650 sunt
773 2606 884 2650 κατὰ
914 2608 1084 2665 extem?
1144 2609 1261 2662 Ergo
1301 2609 1458 2652 eadem
1496 2611 1629 2663 atque
1667 2608 1714 2651 in
1750 2607 1827 2651 illa
1855 2621 2015 2658 mono-

462 2677 791 2730 strophicorum
830 2677 1086 2720 definitione
1123 2691 1165 2732 p.
1197 2677 1311 2720 XVII
1345 2678 1452 2720 1—-3
1491 2690 1544 2720 eo
1583 2677 1638 2719 de
1668 2689 1756 2732 quo
1786 2675 2015 2731 quaeritur

461 2746 559 2787 loco
591 2746 656 2787 vis
688 2746 904 2788 vocabulo
936 2744 1259 2801 μονοστροφικὸν
1289 2746 1490 2789 subiecta
1520 2758 1620 2788 esse
1650 2744 1814 2800 nequit.
1873 2745 2013 2799 Immo

463 2815 571 2856 nihil
602 2814 722 2856 aliud
753 2814 1000 2868 significare
1031 2818 1180 2870 potest
1210 2815 1298 2857 nisi
1329 2828 1522 2867 carmen,
1553 2813 1673 2869 quod
1702 2826 1792 2856 una
1828 2814 2016 2870 stropha

462 2882 755 2924 contineatur.
832 2883 1147 2926 Lachmannus
1194 2884 1411 2938 (opuscul.
1448 2883 1483 2925 11
1520 2896 1562 2937 p.
1603 2883 1657 2925 87
1701 2883 1830 2938 sqq.),
1877 2882 2013 2926 modo

463 2954 580 2993 recte
612 2951 729 2992 illius
758 2952 896 2993 verba
925 2951 1205 3006 interpreter,
1237 2953 1354 2994 hanc
1373 2951 1579 2994 vocabuli
1598 2951 1687 2993 vim
1709 2951 1843 2994 etiam
1870 2950 2013 3006 ipsius

462 3020 770 3062 commentarii
798 3021 1002 3074 exemplo
1032 3020 1283 3063 confirmari
1315 3019 1498 3075 putavit.
1557 3019 1670 3062 Nam
1701 3031 1800 3062 cum
1831 3032 2014 3067 carmen
