2196 3438
1205 320 1286 364 106

558 457 719 511 ,quod
751 470 842 500 non
874 460 1046 501 tantum
1076 459 1232 514 tragici
1264 460 1343 503 sed
1375 463 1419 503 et
1441 460 1598 504 comici
1619 464 1826 506 auctores
1849 462 1897 507 in
1917 475 2024 520 epo·

468 487 544 567 dis
570 539 703 580 saepe
736 527 983 579 fecerunt;“
1013 526 1155 571 altera
1184 528 1278 572 fere
1309 530 1439 572 haec:
2009 562 2011 569 ·

581 598 709 646 „.est
765 593 1008 652 ,περικοπή
1035 609 1216 640 carmen
1248 598 1502 641 subsistens
1533 612 1589 642 ex
1620 599 1804 655 strophe
1834 601 1880 644 et
1906 601 2024 645 anti-

468 664 654 719 stropho
685 667 729 707 et
760 664 927 720 epod0,
957 666 1075 720 <qua
1105 667 1314 722 quando>
1344 668 1411 710 vel
1443 668 1513 711 bis
1544 667 1613 710 vel
1645 669 1713 711 ter
1740 668 1812 712 vel
1843 669 2022 726 saepius

466 746 646 776 carmen
677 734 983 787 concludatur,
1014 735 1343 791 μονοπερίκοπον
1373 737 1642 780 nominatur.
1693 737 1742 781 Si
1762 750 1869 782 vero
1889 737 2023 783 disai-

466 802 588 846 milia
619 802 735 846 inter
766 816 814 845 se
846 803 891 845 in
923 803 1079 858 epodis
1119 805 1219 848 cola
1248 805 1507 860 iungantur,
1544 804 1880 862 πολωεερίκοπον
1906 819 2022 852 nnn·

465 871 692 926 cupatur.“
762 872 962 916 Eandem
1006 873 1244 929 pericopae
1290 874 1522 918 notionem
1573 875 1805 930 amplexus
1851 875 2023 920 addidit

465 940 645 995 quidam
673 954 716 996 p.
747 941 900 994 59,16:
948 942 1021 994 „id
1060 944 1129 985 est
1158 945 1248 986 tres
1279 946 1430 998 partes
1462 943 1612 999 ea<e>,
1651 957 1675 987 e
1713 944 1875 1000 quibus
1903 945 2023 1001 peri·

464 1022 575 1064 eope
606 1010 852 1053 subsistit.“

578 1079 652 1122 Sic
683 1079 831 1123 verbis
862 1094 976 1135 quae
1011 1081 1176 1125 tradita
1220 1085 1325 1125 sunt
1369 1082 1557 1126 servatis
1596 1082 1806 1126 omnibus
1850 1085 1896 1128 et
1932 1096 2024 1128 una

464 1149 623 1191 lacuna
662 1151 829 1192 statuta
866 1163 1023 1193 omnes
1065 1153 1280 1194 cormunt
1317 1150 1614 1195 difficultates.
1681 1151 1805 1204 Quae
1850 1154 2023 1196 restant

461 1231 618 1272 pamm
650 1218 795 1273 lepide
826 1218 946 1262 dicta
975 1219 1105 1262 facile
1135 1233 1190 1262 ex
1219 1220 1430 1263 universo
1461 1220 1640 1263 dicendi
1671 1223 1716 1263 et
1746 1220 2020 1277 compilandi

461 1299 637 1340 genere,
670 1301 757 1342 quo
787 1287 926 1331 utitur
962 1288 1271 1343 Aphthonius,
1310 1288 1536 1344 expedias.
1602 1289 1736 1345 Apud
1771 1290 2021 1346 Aphthonii

461 1359 689 1399 auctorem
735 1357 1000 1400 vocabulum
1045 1357 1220 1412 periodi
1265 1357 1471 1401 similiter
1514 1361 1648 1414 atque
1684 1372 1728 1414 p.
1759 1359 1921 1413 58,>19
1963 1359 2022 1403 ad

461 1438 559 1468 eam
592 1425 839 1469 carminum
868 1428 1044 1481 partem
1075 1427 1410 1482 significandam
1442 1430 1706 1482 usurpatum
1727 1430 1836 1480 erat,
1867 1427 1915 1472 in
1934 1441 2022 1485 qua

460 1493 601 1549 σχέσις
629 1495 779 1549 posita
810 1498 891 1538 est.
951 1495 1083 1547 Quod
1115 1508 1216 1539 cum
1249 1496 1309 1539 ad
1346 1496 1545 1551 singulas
1586 1497 1797 1551 strophas
1835 1496 2022 1541 referret

460 1564 746 1618 Aphthonius
783 1579 826 1619 p.
857 1565 926 1617 58,
969 1565 1019 1607 13
1058 1565 1194 1608 verba
1240 1579 1372 1618 „nam
1418 1565 1589 1620 epodos
1634 1568 1703 1608 est
1744 1566 1878 1610 tertia
1913 1578 2020 1622 pars

461 1636 536 1675 aut
581 1634 792 1687 periodos
839 1634 1001 1689 lyricae
1047 1634 1201 1686 odes“‚
1246 1648 1288 1689 p.
1324 1635 1392 1685 59,
1436 1635 1488 1676 16
1531 1634 1670 1678 verba
1712 1634 1786 1687 „id
1824 1636 1895 1678 est
1927 1637 2021 1679 tres

459 1705 609 1755 partes
656 1715 734 1746 eae
774 1716 797 1745 e
837 1703 996 1757 quibus
1037 1703 1246 1758 pericope
1286 1703 1519 1746 subsistit“
1558 1702 1743 1746 addidit.
1810 1703 2022 1748 Carmina

460 1769 570 1813 κατὰ
591 1769 823 1828 περικοπήν
855 1772 988 1826 (AAB
1018 1772 1134 1815 AAB
1168 1774 1250 1827 ...)
1288 1772 1335 1815 in
1354 1772 1604 1827 Aphthonii
1635 1772 1760 1815 fonte
1786 1774 2022 1828 praeterea

460 1840 648 1894 epodica
692 1841 916 1895 appellata
961 1853 1062 1884 esse
1106 1841 1315 1884 videntur
1358 1841 1526 1896 pariter
1563 1843 1696 1896 atque
1741 1841 1907 1886 factum
1951 1844 2020 1886 est

459 1909 577 1963 apud
607 1908 988 1964 Hephaestionem
1018 1910 1077 1965 (p.
1108 1910 1241 1953 XVIII
1268 1910 1310 1953 4.
1340 1910 1480 1953 XXIX
1499 1910 1526 1952 5
1558 1910 1657 1965 sq.),
1688 1923 1743 1953 ex
1773 1923 1861 1966 qua
1886 1923 2020 1954 voca-

458 1978 550 2020 buli
586 1978 770 2021 notione
809 1979 901 2021 sive
938 1979 1227 2033 Aphthonius
1267 1978 1359 2021 sive
1399 1978 1654 2022 Victorinus
1692 1978 1855 2023 mirum
1894 1979 2019 2024 illum

459 2047 532 2102 qui
564 2061 683 2090 nunc
712 2047 872 2102 legitur
903 2047 1035 2102 epodi
1064 2061 1196 2091 usum
1227 2047 1454 2091 derivavit.

572 2117 762 2159 Maxime
784 2117 976 2160 obscura
997 2120 1066 2160 est
1087 2117 1331 2172 insequens
1352 2118 1661 2173 paragraphus
1681 2131 1724 2172 p.
1745 2118 1815 2170 59,
1836 2117 2019 2170 24—29,

458 2186 502 2228 in
533 2199 621 2240 qua
651 2199 751 2228 cum
782 2199 839 2229 ne
871 2186 981 2229 illud
1011 2187 1192 2242 quidem
1223 2186 1493 2230 dubitationi
1514 2190 1771 2242 exemptum
1791 2186 1851 2231 sit
1869 2189 2018 2231 utrum

458 2254 512 2297 de
545 2254 820 2298 carminibus
851 2255 1193 2310 monostrophis
1224 2269 1283 2299 an
1315 2255 1514 2310 epodicis
1545 2258 1715 2310 agatur,
1746 2269 1839 2299 non
1867 2255 2017 2311 parvis

457 2324 791 2367 difficultatibus
830 2324 1148 2379 implicaretur,
1189 2325 1264 2379 qui
1303 2324 1529 2380 quomodo
1568 2325 1798 2368 Victorino
1835 2327 2018 2368 auctore

457 2393 721 2436 collocanda
743 2393 834 2436 sint
857 2393 1044 2450 ἐφύμνια,
1065 2391 1283 2450 προύμνια,
1305 2392 1513 2450 μεθύμνια
1533 2396 1740 2437 accurate
1762 2393 2017 2438 describere

456 2462 599 2504 vellet.
666 2463 725 2505 At
762 2463 883 2505 enim
922 2461 978 2506 ne
1016 2463 1303 2518 Aphthonius
1336 2463 1537 2518 quidem,
1579 2476 1671 2506 non
1701 2462 1837 2506 modo
1866 2462 2016 2507 Victo-

457 2531 579 2573 rinus
626 2532 742 2574 hanc
788 2545 880 2575 rem
922 2532 1031 2575 satis
1071 2532 1188 2574 bene
1225 2535 1484 2587 perceptam
1521 2532 1691 2574 habuit.
1758 2531 1904 2575 Verba
1932 2531 2016 2584 „de

456 2600 653 2653 epodicis
672 2601 988 2653 carminibus“,
1011 2601 1204 2644 fortasse
1225 2601 1283 2644 ad
1302 2601 1506 2656 proxime
1526 2600 1871 2655 praecedentem
1885 2613 2016 2655 para-

454 2669 672 2723 graphum
701 2670 987 2724 pertinentia,
1019 2673 1139 2712 recte
1171 2670 1355 2713 seclusit
1384 2669 1614 2724 BergkiuS.
1666 2668 1849 2724 Epodoe
1876 2682 1920 2724 p.
1945 2669 2014 2721 59,

456 2739 510 2780 25
542 2739 659 2791 apud
689 2752 896 2793 graecum
937 2739 1203 2792 scriptorem
1242 2739 1341 2782 sine
1379 2739 1514 2782 dubio
1555 2740 1683 2781 erant
1719 2737 1760 2780 οἱ
1791 2732 2017 2794 ἀρρενικῶς

455 2804 560 2848 οὕτω
591 2805 840 2864 καλούμενοι
870 2808 1031 2862 (Heph.
1063 2822 1105 2862 p.
1137 2808 1273 2851 XXVI
1307 2810 1369 2863 1),
1410 2808 1490 2851 sed
1523 2806 1811 2862 Aphthonius
1847 2819 1926 2850 eos
1956 2807 2014 2850 ab

455 2874 518 2917 eis
550 2876 706 2930 epodis
739 2877 793 2918 de
825 2876 985 2931 quibus
1016 2876 1149 2931 paulo
1188 2880 1292 2920 ante
1331 2877 1505 2920 dixerat
1541 2889 1634 2919 non
1672 2875 1875 2919 diversos
1912 2888 2014 2919 esse

455 2944 640 2986 censuit.
714 2945 825 2987 Mira
878 2947 982 2987 sunt
1036 2946 1082 2986 in
1131 2945 1288 2987 ultimo
1343 2945 1574 2988 enuntiato
1621 2941 1849 3000 μεθύμνια,
1900 2957 2014 3000 quae

454 3015 630 3066 praeter
670 3027 769 3055 eum
814 3013 869 3055 de
907 3027 994 3068 quo
1040 3013 1185 3068 agitur
1229 3014 1378 3057 locum
1415 3027 1473 3057 ne
1512 3013 1650 3056 semel
1681 3012 1861 3067 quidem
1891 3026 2014 3056 com-
