2196 3438
1150 360 1156 362 ,
1177 300 1365 363 38„ss

459 441 526 490 24,
567 440 605 482 7.
644 440 712 490 27,
754 440 817 482 17.
855 439 924 488 43,
968 439 1016 480 13
1057 451 1152 493 sqq.
1184 438 1253 490 57,
1285 438 1309 481 7
1348 451 1458 493 sqq.‚
1490 437 1570 480 sed
1599 438 1735 482 etiam
1765 438 1839 483 alii
1871 437 2011 494 scrip-

460 513 581 551 tores
619 509 803 562 metrici,
850 508 965 550 velut
1012 507 1190 559 Tricha,
1229 507 1493 563 saepissime
1523 507 1778 552 huiusmodi
1808 508 2012 554 formulis

460 579 527 622 usi
559 581 677 621 sunt.

575 659 638 702 Ex
672 659 740 701 his
774 657 1073 700 locutionibus
1114 657 1223 701 satis
1265 658 1425 701 vilibus
1472 660 1605 713 atque
1639 657 1759 702 tritis
1797 660 2012 715 quantum

460 728 590 781 absit,
628 730 675 770 ut
705 727 760 769 de
790 728 912 768 certo
942 729 1124 769 auctore
1155 725 1395 782 quidquam
1419 726 1567 781 colligi
1594 727 1752 782 possit,
1782 726 2010 772 nemi-nem

462 797 582 851 sugit.
661 795 856 838 Omnino
907 809 1019 850 quae
1066 795 1110 838 in
1156 796 1479 839 commentario
1524 795 1863 851 conspiciuntur
1910 809 2013 841 cum

462 865 679 909 orationis
725 865 903 907 siccitas
942 867 985 906 et
1029 864 1224 907 tenuitas
1268 866 1362 908 tum
1412 865 1606 908 dilucida
1650 867 2013 921 argumentorum

461 934 697 989 dispositio
728 936 772 976 et
802 933 1057 988 exponendi
1090 933 1368 989 simplicitas,
1414 935 1590 978 etiamsi
1637 935 1808 978 bonam
1846 934 2012 979 doctri-

464 1017 564 1046 nam
624 1003 825 1057 sapiunt,
875 1002 949 1045 uni
1000 1003 1324 1057 Hephaestioni
1382 1003 1530 1047 favere
1579 1007 1747 1047 temere
1803 1002 2015 1048 iudicavit

463 1071 691 1126 Westphal
737 1071 912 1123 (Metrik
955 1070 996 1113 1²
1039 1084 1081 1126 p.
1130 1071 1241 1126 187).
1301 1071 1422 1115 Idem
1474 1075 1543 1115 est
1586 1073 1705 1128 apud
1747 1073 2012 1128 Longinum,

462 1142 578 1184 idem
607 1154 698 1183 non
738 1153 838 1182 raro
877 1139 995 1194 apud
1025 1139 1374 1194 Hephaestionis
1405 1140 1687 1194 scholiastas,
1717 1141 1836 1197 apud
1866 1141 2012 1186 Choe-

463 1211 713 1260 roboscum,
759 1209 877 1263 apud
920 1208 1166 1252 Aristidem
1219 1208 1544 1261 Quintilianum
1588 1210 1716 1254 alios.
1774 1210 2014 1267 Aliquanto

461 1279 635 1333 gravius
682 1280 769 1329 est,
827 1277 947 1332 quod
991 1277 1037 1320 in
1082 1277 1332 1321 enchiridio
1377 1278 1537 1332 legitur
1580 1279 1688 1331 εἶδος
1734 1293 1778 1336 p.
1825 1280 1897 1333 40,
1949 1278 2014 1324 15.

461 1349 529 1399 48,
565 1348 629 1390 16.
660 1349 728 1399 55,
759 1348 827 1399 20,
860 1347 905 1389 in
938 1347 1263 1390 commentario
1297 1346 1387 1391 ἰδὲα
1415 1362 1458 1403 p.
1490 1348 1525 1390 V
1555 1349 1596 1401 6,
1628 1349 1681 1391 VI
1710 1350 1750 1392 2.
1783 1349 1854 1402 m,
1882 1349 2015 1393 vl11.

464 1416 574 1459 Nam
606 1416 779 1458 etiamsi
811 1429 903 1458 non
935 1416 1081 1458 solum
1111 1416 1231 1471 apud
1259 1416 1562 1469 Aristotelem,
1599 1417 1862 1473 Dionysium
1892 1417 2016 1462 Hali-

462 1498 779 1528 carnasensem
816 1485 929 1527 alios
968 1485 1223 1539 promiscue
1262 1486 1373 1528 haec
1410 1487 1548 1529 verba
1586 1486 1632 1528 in
1660 1499 1747 1530 usu
1777 1489 1896 1540 suut,
1935 1487 2016 1531 sed

462 1554 595 1596 etiarn
614 1554 732 1608 apud
752 1553 1095 1607 Hermogenem,
1116 1554 1465 1609 Hephaestionis
1488 1555 1580 1598 fere
1599 1556 1846 1611 aequalem,
1862 1569 2017 1612 quam·

462 1637 594 1678 quam
640 1622 815 1665 libellus
863 1623 958 1677 ipse
1002 1623 1096 1678 περὶ
1141 1622 1259 1666 ἰδεῶν
1305 1624 1548 1679 inscriptus
1593 1626 1703 1676 erat,
1749 1624 1873 1680 ipsae
1910 1622 2018 1668 ἰδέαι

462 1692 574 1734 alias
619 1691 805 1734 audiunt
850 1692 941 1747 εἴδη
987 1693 1047 1747 (p.
1086 1692 1184 1745 266,
1226 1693 1290 1736 17.
1329 1694 1380 1736 21
1421 1693 1468 1735 in
1506 1693 1619 1736 rhet.
1656 1707 1720 1748 gr.
1752 1694 1820 1737 ed.
1851 1694 2016 1751 Speng.

463 1762 548 1804 vol.
564 1762 615 1816 11)
625 1762 670 1816 ¹),
693 1760 985 1815 scriptoribus
1006 1763 1158 1804 tamen
1179 1761 1480 1816 grammaticis
1502 1764 1546 1804 et
1565 1761 1763 1806 metricis
1784 1762 2016 1807 sollemnis

463 1834 592 1887 γενῶν
622 1833 754 1884 atque
787 1829 945 1884 εἰδῶνῖ)
967 1829 1198 1872 distinctio
1228 1830 1470 1874 admodum
1501 1830 1548 1873 in
1578 1830 1750 1875 deliciis
1781 1834 1889 1876 erat.
1948 1831 2017 1876 En

464 1900 603 1942 habes
635 1898 764 1955 μέτρα
795 1898 986 1955 μονοειδῆ
1018 1901 1062 1941 et
1099 1896 1364 1955 ὃμοιοειδῆ,3)
1409 1900 1551 1943 habes
1590 1900 1681 1956 εἴδη
1726 1899 1807 1943 τῶν
1832 1899 2018 1944 -ἐπιπλο-

464 1972 562 2022 κῶν,
610 1981 710 2010 cum
756 1968 879 2022 ipsae
918 1966 1142 2009 ἐπιπλοκαί
1179 1968 1375 2011 efficiant
1410 1967 1483 2011 τοῦ
1522 1968 1672 2026 μέτρου
1718 1966 1766 2012 τὸ
1811 1966 2019 2013 ἀνώτατον

463 2036 635 2094 γένος4),
667 2036 757 2093 εἴδη
787 2035 860 2078 τοῦ
888 2034 1087 2092 ἡρωικοῦ,
1119 2036 1210 2093 εἴδη
1249 2037 1322 2079 τοῦ
1357 2037 1597 2092 παιωνικοῦ,
1636 2038 1729 2094 εἴδη
1765 2038 1847 2081 τῶν
1889 2051 2019 2081 ntae

470 2105 682 2162 λήξεων5),
715 2106 854 2148 habes
886 2105 1078 2161 denique
1107 2103 1320 2162 ποιήματα
1350 2105 1476 2164 μικτὰ
1493 2103 1639 2163 γενικοὶ
1660 2110 1704 2150 et
1723 2104 1842 2150 κοινοὶ
1860 2104 2018 2164 γενικοὶ.

471 2175 686 2218 Similiter
718 2177 991 2228 usurpantur
1019 2171 1176 2231 τρόποι,
1207 2174 1417 2232 διαφοραί,
1446 2174 1583 2232 παθη,
1615 2177 1696 2219 sed
1725 2174 1838 2228 ἰδέας
1875 2189 2019 2233 neque

582 2360 610 2405 ¹)
635 2361 680 2395 οἳ.
693 2360 815 2395 Herm.
828 2359 1044 2404 Baumgart:
1065 2359 1190 2395 Aelius
1203 2359 1383 2395 Aristides
1397 2388 1405 2396 .
1420 2388 1428 2395 .
1443 2387 1451 2395 .
1465 2360 1600 2406 (Leipz.
1617 2360 1718 2406 1874)
1734 2371 1769 2406 p.
1783 2344 1852 2397 ο151
1868 2360 1951 2397 adn.
1962 2358 2019 2396 41>

466 2423 501 2454 et
527 2432 560 2464 p.
589 2420 665 2454 158.
714 2419 820 2453 Rhet.
853 2430 905 2462 gr.
935 2418 1018 2462 (W.)
1055 2418 1119 2453 VII
1143 2429 1176 2463 p.
1209 2419 1288 2459 870,
1313 2419 1346 2454 6.
1376 2419 1444 2455 893
1468 2419 1571 2459 adn.:
1609 2418 1715 2454 aliter
1745 2417 1948 2455 scholiasta
1981 2418 2020 2454 in

468 2479 560 2513 rhet.
593 2488 644 2521 gr.
670 2477 732 2511 vll
765 2477 844 2518 862.
870 2477 892 2511 2
923 2478 1001 2510 ἰδέα
1026 2478 1066 2510 δὲ
1097 2478 1211 2519 εἴδους
1244 2479 1404 2521 διαφέρει
1434 2476 1550 2521 ὥσπερ
1580 2479 1684 2522 γένος
1699 2479 1815 2520 ιίδους
1841 2478 1906 2512 καὶ
1934 2474 2020 2511 ὅλον

466 2539 603 2580 μέρους.

580 2593 610 2638 ²)
636 2593 680 2627 cf.
714 2592 828 2627 schol.
860 2592 966 2627 Dion.
997 2593 1084 2628 Thr.
1117 2592 1244 2637 (Bekk.
1269 2593 1336 2628 An.
1368 2604 1419 2637 gr.
1451 2592 1495 2639 11)
1521 2605 1554 2639 p.
1578 2594 1658 2635 661,
1682 2594 1725 2629 31
1752 2594 1824 2628 ἔστι
1853 2593 1894 2627 δὲ
1916 2594 2020 2637 γένος

466 2681 475 2688 .
490 2681 497 2687 .
519 2681 527 2688 .
551 2652 589 2686 τὸ
616 2647 711 2686 κατὰ
737 2650 905 2684 πλειόνων
929 2647 1103 2694 ἀνομοίων
1127 2655 1199 2692 τοῖς
1225 2653 1348 2685 εἴδεσιν
1372 2678 1380 2686 .
1406 2678 1414 2686 .
1441 2678 1450 2686 .
1475 2651 1795 2696 κατηγορούμενον.

582 2708 609 2753 ¹)
634 2707 739 2754 Apud
765 2707 979 2752 Dionysium
1002 2708 1347 2743 Halicarnasensem
1372 2709 1556 2744 rhetorem
1571 2708 1679 2744 simul
1697 2708 2022 2754 deprehenduntur

465 2770 576 2811 μέτρα
612 2764 793 2810 ἑμοιοειδῆ
825 2766 883 2810 (de
915 2777 1032 2811 comp.
1064 2766 1163 2801 verb.
1197 2778 1277 2812 cap.
1307 2766 1419 2803 XXVI
1450 2779 1484 2813 p.
1515 2767 1585 2802 418
1615 2767 1671 2803 ed.
1697 2767 1737 2802 G.
1761 2766 1805 2802 H.
1831 2765 2019 2802 Schaerer.

467 2826 563 2870 Lips.
592 2824 692 2868 1808)
726 2827 762 2858 et
795 2826 885 2857 ἰδέαι
910 2826 1043 2867 μέτρων
1067 2824 1166 2869 (ibid.
1192 2836 1270 2870 cap.
1296 2825 1343 2860 1v
1366 2836 1401 2871 p.
1427 2826 1496 2871 52).

581 2882 610 2927 ⁴)
634 2882 678 2915 cf.
706 2894 735 2916 e.
762 2894 794 2925 g.
821 2882 935 2917 schol.
961 2882 1078 2927 Heph.
1105 2884 1122 2925 β
1148 2894 1182 2927 p.
1206 2884 1239 2924 5.
1267 2884 1298 2918 7.

581 2939 608 2985 ³)
632 2939 741 2975 Arist.
767 2939 889 2983 Quint.
915 2951 950 2985 p.
975 2940 1031 2980 34,
1056 2941 1088 2975 5.
1113 2941 1170 2985 35,
1195 2941 1240 2976 29
1264 2941 1335 2987 (ed.
1358 2941 1485 2987 Jahn);
1511 2941 1577 2976 sed
1602 2939 1714 2977 etiam
1737 2951 1771 2986 p.
1795 2938 1890 2982 35st
1912 2940 1963 2974 eu
1978 2941 2019 2975 δὲ

465 3000 527 3033 καὶ
549 2999 616 3031 τῶν
639 2997 871 3042 καταλήξεων
895 2998 959 3039 τοὶς
983 2998 1157 3042 διαφορὰς
1182 3000 1390 3044 ἐπιδέχεται.
