2196 3438
970 282 1026 326 39

218 419 277 465 in·
293 418 630 483 Hephaestione
659 432 809 476 neque
832 420 879 464 in
911 420 1095 476 reliquis
1125 421 1199 476 qui
1220 423 1411 465 aetatem
1431 421 1628 464 tulerunt
1648 434 1770 464 com·

217 487 492 537 mutuus
478 484 679 532 metricis
708 502 897 545 usquam
926 489 1217 544 deprehendi.

286 557 524 614 Singula
552 558 862 602 commentarii
892 559 1085 614 capitula
1123 563 1329 603 accurate
1366 559 1657 615 perlustranti
1694 573 1769 603 oc·

217 590 406 671 eurtum
446 627 567 670 haud
609 639 753 682 pauca
794 629 871 671 aut
914 640 1072 682 parum
1117 631 1237 671 recte
1280 631 1356 672 aut
1409 628 1568 672 saltem
1611 642 1769 683 parum

216 694 431 748 ”latter
458 695 591 748 dicta,
620 709 734 752 quae
763 709 815 740 ex
843 699 971 752 parte
1006 697 1089 740 viri
1121 697 1240 741 docti
1276 697 1499 752 corrigere
1535 710 1768 752 perperam

217 763 368 810 nunti
397 767 518 817 sunt,
548 777 649 809 cum
677 777 772 808 non
799 764 1031 808 librarium
1053 766 1357 818 emendarent,
1388 766 1468 809 sed
1489 766 1767 821 scriptorem.

213 834 260 895 p.
279 833 327 877 ·V
352 833 468 877 4-5
496 835 543 876 et
570 833 625 876 Vl
652 833 817 877 20—21
851 834 1137 889 neglegenter
1164 835 1427 890 particulam
1447 835 1533 878 οἷον
1553 835 1766 878 omissam

217 900 336 956 dne,
362 915 501 959 supra
529 901 676 946 docui.
731 903 781 946 In
810 902 958 946 κοινῶν
988 903 1291 959 descriptione
1310 918 1353 959 p.
1374 904 1429 947 111
1455 904 1616 946 16-17
1636 902 1767 946 Κοινοὶ

213 969 264 1015 Β
287 968 373 1016 ὅσα
398 968 479 1015 ὑπὸ
507 967 769 1028 συστήματος
798 972 873 1028 μὲν
900 978 1230 1029 καταμετρεῖται,
1261 969 1363 1015 αὐτὸ
1405 972 1452 1014 δὲ
1489 970 1536 1014 τὸ
1574 969 1768 1029 otior-qud

217 1038 320 1084 inu·
346 1038 655 1097 πληρούμενον,
691 1037 760 1083 οἶοί
806 1040 892 1083 ἐστι
933 1041 1023 1084 κτλ.
1077 1044 1181 1096 post
1227 1038 1419 1098 σύστημα
1461 1041 1766 1096 Westphalius

214 1106 409 1157 mit·
425 1107 575 1152 ἐκτῶν
604 1103 739 1152 αὐτῶν
767 1108 938 1166 μέτρων,
969 1110 1043 1153 alii
1063 1111 1152 1154 alia
1170 1113 1515 1166 proposuerunt.
1563 1111 1622 1153 At
1643 1110 1764 1152 nullo

212 1188 330 1235 opu!
345 1179 418 1222 est
436 1177 764 1233 supplemento.
821 1179 961 1222 Immo
986 1179 1179 1234 scriptor
1197 1179 1331 1235 paulo
1352 1179 1657 1234 neglegentius
1679 1179 1764 1234 ipsi

212 1245 461 1295 manni
491 1246 644 1290 statim
675 1248 927 1303 exemplum
957 1248 1208 1291 admiscuit.
1266 1247 1389 1291 idem
1424 1247 1591 1291 factum
1622 1250 1691 1291 est
1721 1251 1766 1290 et

211 1315 446 1365 incitem
487 1317 809 1359 commentario
838 1330 881 1372 p.
912 1317 988 1360 XV
1017 1317 1043 1359 3
1075 1331 1141 1373 sq.
1172 1319 1216 1360 et
1245 1330 1338 1360 non
1369 1330 1471 1360 raro
1502 1316 1549 1360 in
1580 1316 1764 1359 scholiis

216 1384 598 1441 Hephaestioneis
620 1385 741 1429 velut
758 1399 802 1441 p.
822 1386 920 1440 201,
942 1387 997 1430 22
1019 1400 1085 1442 sq.
1115 1385 1185 1428 W.
1230 1387 1279 1429 In
1309 1386 1465 1429 eadem
1488 1385 1768 1440 paragrapho

215 1453 423 1510 hssunmr
458 1454 592 1498 haec:
622 1452 727 1510 αὐτή
766 1454 814 1496 δὲ
849 1452 878 1511 ἡ
916 1454 1095 1512 διστιχία
1123 1453 1247 1511 ὁμοία
1276 1454 1383 1508 ἐστίς
1422 1454 1629 1498 subtilius
1660 1454 1764 1497 scri·

210 1522 337 1568 beuti
355 1523 595 1567 dicendum
615 1526 711 1566 erat
741 1521 847 1578 αὐτὴ
877 1523 924 1566 δὲ
952 1522 981 1579 ἡ
1017 1522 1189 1581 διστιχία
1225 1522 1269 1575 ἐξ
1305 1521 1456 1580 ὁμοίων
1493 1522 1646 1579 στίχων
1675 1536 1765 1565 συν-

212 1590 368 1649 ὀπιμιε
402 1616 461 1623 -
498 1592 553 1636 cf.
591 1605 704 1648 quae
743 1592 1020 1648 respondent
1055 1593 1103 1636 in
1141 1592 1462 1636 commentario
1506 1592 1542 1634 ΙΙ
1578 1605 1621 1646 p.
1659 1592 1698 1634 X
1736 1592 1766 1634 4-

212 1659 272 1719 η·
298 1658 441 1720 ὅμοιον
470 1659 669 1717 ἑκάτερον
697 1661 800 1703 εἶναι
835 1661 916 1704 τῶν
951 1661 994 1704 ἐν
1022 1663 1076 1718 τῇ
1105 1658 1225 1703 δυάδι
1252 1659 1406 1717 στίχων
1435 1684 1502 1710 —·,
1541 1673 1641 1703 cum
1672 1673 1762 1703 non

210 1729 454 1786 ittuntur,
485 1743 592 1773 num
621 1729 815 1786 διστιχίαι
845 1730 962 1773 inter
992 1743 1041 1773 se
1069 1743 1201 1786 pares
1232 1730 1335 1780 sint,
1368 1730 1448 1772 sed
1486 1743 1593 1772 num
1630 1728 1765 1784 στίχοι

209 1797 372 1855 quibus
417 1801 629 1842 constant
686 1798 886 1842 eiusdem
939 1799 1030 1842 sint
1081 1799 1226 1842 metri.
1308 1798 1478 1841 Eodem
1530 1798 1764 1841 referenda

210 1869 376 1924 παρ
394 1867 452 1911 Vl
471 1868 523 1911 21
545 1868 683 1910 verba
700 1866 731 1924 ἦ
750 1866 863 1909 κατὰ
889 1881 1134 1924 περικοπην,
1170 1868 1330 1923 quibus
1361 1867 1666 1922 Westphalius
1696 1867 1763 1909 in·

211 1935 495 1981 considerate
538 1935 712 1979 addidit
753 1934 1072 1993 ἀνομοιομερῶν.
1139 1937 1252 1980 Cum
1296 1937 1343 1979 in
1389 1935 1710 1979 commentario
1746 1936 1762 1977 l

212 2017 460 2050 nmmum
504 2002 618 2047 κατὰ
659 2001 891 2060 περικοπὴν
934 2018 1071 2048 unum
1115 2018 1256 2060 genus
1293 2003 1346 2047 τὰ
1381 2002 1492 2046 κατὰ
1528 2001 1759 2060 περικοπὴν

211 2070 490 2131 ἀνομοιομερῆ
522 2076 942 2124 commemorentur,
972 2074 1096 2116 licuit
1126 2086 1235 2117 sane
1266 2073 1474 2128 scriptori
1494 2073 1757 2115 vocabulum

212 2140 325 2185 illud
365 2141 586 2193 omittere,
629 2144 676 2184 at
720 2141 1058 2185 concedendum
1102 2145 1172 2185 est
1209 2155 1311 2185 eum
1349 2141 1483 2184 etiam
1522 2141 1568 2184 in
1598 2141 1683 2184 hac
1713 2154 1759 2183 re

213 2222 307 2254 non
341 2223 396 2254 ea
431 2223 562 2254 usum
599 2223 700 2253 esse
730 2210 972 2264 diligentia,
1017 2224 1105 2266 qua
1141 2210 1436 2254 enchiridium
1474 2210 1648 2264 insigne
1678 2212 1759 2252 est.

323 2278 416 2324 Sed
445 2282 551 2322 sunt
580 2280 715 2323 etiam
745 2279 962 2334 graviora.
1021 2279 1152 2331 Quod
1183 2292 1326 2335 neque
1356 2279 1403 2322 in
1431 2279 1577 2335 primo
1617 2291 1760 2334 neque

210 2347 259 2392 in
302 2347 446 2392 altero
490 2347 643 2404 μικτῶν
686 2361 848 2403 genere
887 2347 1184 2391 describendo
1225 2344 1452 2404 διάφορα
1481 2347 1572 2403 εἴδη
1612 2347 1658 2390 in
1688 2347 1759 2390 his

209 2415 388 2461 misceri
418 2414 671 2468 adnotatur,
702 2416 895 2460 fortasse
917 2429 1007 2459 non
1028 2416 1269 2460 admodum
1297 2408 1629 2472 vituperaveris,
1660 2429 1758 2459 cum

207 2484 310 2542 ipsa
338 2485 543 2540 exempla
571 2485 804 2541 proposita
832 2486 1083 2529 offensione
1104 2488 1299 2539 careant,
1329 2498 1481 2529 verum
1501 2498 1634 2540 aegre
1656 2485 1759 2527 feri-

207 2566 322 2606 mm,
373 2553 494 2610 quod
547 2566 689 2609 neque
740 2554 911 2609 primae
956 2567 1100 2610 neque
1144 2554 1272 2598 alteri
1324 2555 1478 2610 μικτῶν
1521 2556 1566 2596 et
1613 2553 1761 2595 κοινῶν

209 2621 344 2668 classi
383 2625 553 2667 certum
592 2623 756 2678 speciei
795 2636 960 2667 nomen
997 2623 1188 2667 additur.
1254 2623 1416 2667 Debuit
1451 2622 1655 2678 profecto
1685 2621 1758 2677 qui

207 2694 415 2736 accurate
454 2691 649 2735 scribere
688 2694 993 2743 consueverat,
1025 2691 1234 2735 omnibus
1273 2694 1374 2734 octo
1413 2691 1523 2733 locis
1561 2704 1605 2745 p.
1635 2689 1689 2732 111
1718 2690 1758 2732 4.

210 2761 277 2805 14.
315 2760 381 2812 16,
412 2760 464 2803 lv
498 2762 538 2811 5,
570 2760 604 2803 V
634 2761 674 2803 4.
705 2760 733 2803 6
771 2763 941 2803 certum
980 2760 1144 2815 speciei
1185 2773 1350 2803 nomen
1387 2759 1630 2814 adiungere
1668 2771 1758 2801 non

209 2841 339 2874 secus
368 2830 503 2885 atque
533 2828 579 2871 in
611 2828 934 2872 commentario
965 2828 998 2872 11
1030 2842 1077 2872 re
1106 2842 1212 2872 vera
1241 2842 1324 2871 usu
1354 2827 1488 2871 venit.
1538 2827 1587 2871 In
1616 2827 1757 2870 altera

210 2898 356 2944 classe
385 2909 485 2942 cum
517 2897 681 2953 speciei
722 2910 887 2941 nomen
925 2897 1054 2941 facile
1092 2911 1146 2941 ex
1183 2897 1467 2941 antecedenti
1510 2908 1756 2953 συστηματι-

206 2965 293 3011 κῶν
336 2966 520 3010 nomine
557 2967 702 3022 possit
741 2966 951 3022 suppleri,
996 2966 1115 3010 haud
1154 2966 1248 3011 scio
1278 2979 1336 3011 an
1367 2965 1589 3011 defectum
1626 2977 1759 3011 excu-
