2196 3438
967 321 1047 364 123

218 460 704 521 dt-vidgmksunt--in‘
730 460 855 506 omni
894 460 1105 515 locupleti
1136 461 1342 504 oratione
1373 461 1577 505 diffusa.“
1638 462 1786 506 Theo-

216 528 434 589 m
464 530 611 586 invitm,
641 542 743 574 cum
774 528 996 573 rationem
1034 528 1148 573 inter
1184 529 1441 585 pedestrem
1480 534 1527 574 et
1562 532 1787 586 poeticum

218 603 482 647 monem
512 598 868 644 intercedentem
898 598 1211 653 perpenderet,
1243 601 1336 642 tres
1368 599 1651 655 cognationis
1686 613 1786 655 gra-

219 666 501 726 finiposuit.
559 667 807 713 Plurimum
837 669 883 711 et
912 669 1135 711 vetustate
1174 671 1219 711 et
1256 671 1416 712 natura
1453 682 1480 712 a
1510 669 1657 712 soluta
1687 682 1787 712 ora·

218 738 347 785 fiune
373 738 544 785 distare
574 737 688 782 dixit
715 736 878 793 poesin
908 736 1096 792 epicam,
1135 737 1370 780 minimum
1402 737 1787 793 dithyrambicam‚

218 806 569 856 &ademta
595 806 800 851 membra
829 805 877 849 in
908 806 1034 850 omni
1065 806 1284 858 oratione,
1322 807 1516 850 maxime
1554 807 1602 850 in
1632 821 1787 852 nume·

221 887 332 923 ωιι
358 878 405 921 et
431 875 657 921 rhetorice
681 877 863 931 compta
884 874 1205 919 invenirentur.
1249 876 1444 919 Medium
1465 877 1613 921 locum
1634 879 1788 921 tenere

220 947 495 1006 mos
524 945 652 1001 epica
680 943 810 1000 poesi
839 943 1115 996 licentiores,
1153 944 1436 1000 dithyrambo
1473 946 1786 990 restrictiores.

222 1012 399 1076 m
414 1014 568 1061 verbis
589 1013 829 1069 significari
850 1026 951 1058 eam
976 1014 1367 1069 compositionem,
1398 1028 1531 1070 quam
1563 1013 1606 1067 ἐξ
1636 1009 1788 1072 ὁμοίων

219 1083 411 1146 m
450 1083 751 1140 Hephaestio,
795 1082 1086 1127 manifestum
1132 1086 1214 1127 est.
1282 1083 1409 1127 Unde
1448 1084 1698 1139 colligimus
1745 1089 1788 1128 et

512 1166 590 1198 um
619 1152 800 1209 quidem
831 1153 1032 1196 carmina
1069 1151 1113 1205 ἐξ
1147 1149 1299 1209 ὁμοίων
1337 1165 1430 1196 non
1467 1153 1616 1198 minus
1654 1167 1786 1209 quam

219 1219 282 1275 t&
300 1221 416 1281 md
442 1221 587 1280 στίχον
616 1224 662 1266 et
691 1219 1001 1279 ἀπολελυμένα,
1039 1224 1090 1265 ut
1120 1221 1382 1265 inferiorum
1412 1223 1642 1266 vocabulis
1673 1226 1786 1277 utar,

218 1291 551 1353 mpeculiari
581 1291 925 1348 compositionis
950 1304 1115 1347 genere
1139 1291 1353 1335 habuisse
1376 1305 1520 1348 neque
1545 1293 1621 1336 illa
1641 1295 1787 1336 aetate

219 1364 466 1422 Μία
492 1361 589 1418 περὶ
616 1357 849 1418 ποιήματος
883 1361 1019 1404 certis
1057 1360 1147 1404 illis
1183 1361 1486 1416 posteriorum
1517 1362 1786 1418 scriptorum

221 1429 456 1489 'ambillis
514 1433 560 1475 et
608 1429 852 1474 schematis
907 1431 1108 1474 coartata
1160 1430 1585 1487 circumscriptaque
1634 1431 1786 1475 fuisse.

223 1500 427 1559 uerique
446 1501 568 1557 quod
589 1513 726 1557 supra
748 1499 842 1544 dixi
871 1499 930 1542 ad
958 1499 1210 1544 doctrinam
1239 1501 1334 1557 περὶ
1362 1499 1593 1558 ποιήματος
1622 1514 1787 1556 augen-

222 1569 330 1625 ὼιη
349 1569 560 1618 nonnihil
580 1569 776 1614 valuisse
801 1569 1034 1613 rhetorum
1057 1571 1216 1623 artem,
1248 1570 1553 1625 Theophrasti
1581 1571 1785 1626 exemplo

219 1638 353 1690 mdo
381 1639 684 1685 confirmatur.

222 1750 250 1769 ⁷5
333 1707 476 1757 Paulo
523 1708 656 1752 aliter
704 1707 793 1752 tria
841 1708 1185 1764 compositionis
1236 1710 1435 1753 musicae
1484 1709 1785 1765 metricaeque

217 1788 387 1836 genera
415 1776 624 1822 distinxit
653 1777 874 1833 optimum
904 1778 1130 1834 quendam
1160 1781 1209 1821 ut
1243 1778 1418 1822 videtur
1456 1781 1684 1822 auctorem
1716 1793 1786 1822 se-

127 1876 135 1883 ·
219 1847 349 1900 cutm
390 1845 634 1903 Dionysius
678 1846 1070 1892 Halicarnasensis
1116 1847 1173 1891 de
1218 1861 1361 1903 comp.
1412 1849 1534 1892 verb.
1585 1861 1680 1904 cap.
1735 1849 1785 1891 19

217 1915 298 1975 (p,
309 1914 396 1961 258
425 1929 525 1973 sqq.
555 1916 693 1972 Sch..)
751 1916 818 1960 Ac
846 1917 1043 1973 primum
1074 1917 1264 1961 efficitur
1292 1918 1419 1973 poesi
1452 1918 1591 1974 epica,
1624 1917 1669 1960 in
1699 1931 1786 1974 qua

218 1996 305 2034 Μ
333 1987 527 2031 metrum
555 1998 640 2030 nec
671 1986 928 2042 rhythmum
958 1989 1132 2030 mutare
1167 1987 1316 2039 licere,
1354 1987 1544 2030 alterum
1575 1986 1784 2030 carmini-

218 2053 307 2103 bu
334 2053 524 2107 melicis,
554 2054 602 2098 in
633 2054 795 2111 quibus
827 2056 1063 2112 stropham
1100 2059 1144 2100 et
1180 2056 1511 2111 antistropham
1550 2058 1594 2099 et
1628 2056 1783 2100 metris

218 2123 516 2181 &rhythmis
546 2126 593 2167 et
629 2123 776 2168 modis
820 2123 972 2182 (μέλει)
1018 2125 1137 2169 inter
1175 2139 1224 2168 se
1260 2139 1392 2181 pares
1429 2138 1530 2169 esse
1561 2127 1783 2180 oportere.

219 2192 390 2241 Contu
418 2192 467 2237 in
496 2191 655 2249 epodis
686 2193 840 2237 omnia
868 2194 957 2237 tria
986 2194 1063 2238 illa
1094 2198 1266 2238 mutare
1302 2193 1449 2238 licere.
1519 2194 1573 2237 Et
1610 2196 1783 2238 veteres

217 2261 401 2320 quidem
442 2261 606 2319 lyricos
644 2262 688 2306 h.
720 2276 759 2307 e.
795 2263 1010 2308 Alcaeum
1050 2267 1094 2307 et
1133 2264 1423 2319 Sapphonem
1462 2277 1623 2319 parvas
1662 2276 1783 2308 com-

217 2331 428 2388 munisse
464 2331 697 2388 strophaS,
734 2331 892 2388 epodis
930 2336 1080 2378 autem
1121 2334 1306 2377 omnino
1348 2346 1449 2377 raro
1487 2347 1595 2376 usos
1626 2333 1783 2387 esse.²)

335 2449 365 2500 1)
386 2451 493 2491 nnnc
523 2462 637 2491 unam
668 2454 1009 2501 interpretationem
1042 2458 1079 2491 et
1110 2455 1375 2491 sententiarum
1408 2466 1571 2491 conexus
1603 2459 1641 2491 et
1673 2454 1783 2491 verba

216 2509 355 2549 tradita
391 2510 604 2548 admittunt:
641 2514 675 2547 οἱ
704 2514 768 2557 μὲν
802 2512 864 2548 οὖν
893 2510 1039 2559 ἀρχαῖοι
1076 2515 1259 2558 μελοποιοί
1291 2539 1298 2546 .
1326 2539 1333 2547 .
1359 2542 1366 2549 .
1395 2541 1403 2549 .
1434 2514 1565 2558 μικρὰς
1602 2515 1783 2549 δποιοΰντο

218 2568 392 2616 στροφάς,
424 2567 515 2605 ὥστε
545 2572 582 2605 δν
611 2567 746 2616 ὀλίγοις
775 2575 849 2614 τοῖς
879 2571 1011 2614 κώλοις
1044 2569 1085 2606 οὐ
1116 2571 1254 2613 πολλοῖς
1291 2573 1432 2617 ιίσῆγον
1463 2572 1528 2615 τὰς
1565 2571 1781 2617 μεταβολάς·

218 2628 370 2673 m
393 2638 434 2663 vc
456 2627 547 2663 πάνυ
572 2630 727 2673 δχρῶντο
750 2627 891 2675 ὀλίγαις
913 2631 992 2665 κτλ.
1033 2630 1161 2675 ltaque
1182 2630 1459 2666 concedendum
1484 2633 1540 2665 est
1564 2630 1782 2677 tripartitam

218 2685 422 2724 minum
448 2686 767 2733 compositionem.
792 2688 960 2725 similiter
991 2692 1103 2734 atque
1139 2689 1237 2734 apud
1275 2688 1489 2724 Alc—manem
1526 2689 1663 2725 sactum
1700 2699 1783 2724 esse

220 2744 489 2783 cumomni
513 2744 662 2782 cru-inu
687 2746 712 2782 l.
737 2757 767 2782 c.
793 2758 829 2792 p.
850 2747 870 2782 7
896 2758 990 2792 sqq„
1017 2746 1198 2782 interdum
1225 2746 1298 2782 iam
1322 2758 1343 2781 a
1368 2747 1488 2792 poetis
1512 2746 1655 2783 Lesbiis
1680 2757 1782 2783 usur·

218 2806 344 2851 ptum
367 2812 474 2845 οοοος
498 2803 544 2839 ef.
569 2802 682 2839 etiam
707 2804 837 2841 Catuli.
864 2815 975 2840 carm.
999 2805 1055 2840 62.
1104 2805 1234 2850 ltaque
1259 2805 1367 2841 huius
1398 2815 1548 2851 quoque
1579 2805 1781 2841 carminum

217 2861 359 2900 {ornae
375 2860 479 2907 orico
496 2861 543 2897 ad
561 2861 725 2898 carmina
748 2862 942 2909 popularia
966 2862 1084 2899 redire
1110 2862 1269 2903 videtur:
1296 2864 1340 2898 cs.
1366 2862 1477 2899 etiarn
1502 2873 1649 2899 cannen
1667 2874 1779 2910 popu·

219 2919 296 2957 lan
317 2916 400 2966 ἦλθ’
426 2917 521 2965 ἦλθε
543 2919 693 2965 χιλιδῶν
717 2920 807 2957 PLG
834 2920 906 2957 111·
943 2932 977 2966 p.
1001 2921 1080 2961 671.
1114 2922 1159 2956 de
1186 2932 1260 2967 quo
1286 2921 1487 2967 disputavit
1510 2921 1552 2957 Η.
1580 2921 1720 2958 Usener
1745 2922 1780 2958 in

217 2977 419 3024 Altflrleeh.
450 2977 634 3019 vmbau.
665 2978 784 3015 Bonn.
818 2979 924 3019 1887.
956 2989 990 3024 p.
1023 2979 1064 3015 8¹
1100 2989 1183 3026 sqq.
1239 2979 1354 3018 Aliter
1386 2980 1432 3017 dc
1464 2979 1628 3026 Dionysii
1659 2980 1780 3016 verbis

219 3035 393 3074 {afflavit
417 3035 566 3074 eru-ius
592 3036 614 3073 l.
641 3048 671 3073 c.
698 3048 731 3083 p.
757 3037 804 3072 w
828 3036 911 3072 adn.
938 3037 971 3073 2.
