<?xml version="1.0" encoding="UTF-8"?>
<!DOCTYPE html PUBLIC "-//W3C//DTD XHTML 1.0 Transitional//EN"
    "http://www.w3.org/TR/xhtml1/DTD/xhtml1-transitional.dtd">
<html xmlns="http://www.w3.org/1999/xhtml" xml:lang="en" lang="en">
 <head>
  <title>
</title>
<meta http-equiv="Content-Type" content="text/html;charset=utf-8" />
  <meta name='ocr-system' content='tesseract 3.04.00' />
  <meta name='ocr-capabilities' content='ocr_page ocr_carea ocr_par ocr_line ocrx_word'/>
</head>
<body>
  <div class='ocr_page' id='page_1' title='image "./deveterumperipoi00consuoft_0041.png"; bbox 0 0 2196 3438; ppageno 0'>
   <div class='ocr_carea' id='block_1_1' title="bbox 163 451 1773 522">
    <p class='ocr_par' dir='ltr' id='par_1_1' title="bbox 163 451 1773 522">
     <span class='ocr_line' id='line_1_1' title="bbox 163 451 1773 522; baseline -0.001 -12.929"><span class='ocrx_word' id='word_1_1' title='bbox 163 451 652 522; x_wconf 50' lang='grc' dir='ltr'><strong>ΜΨ</strong></span> <span class='ocrx_word' id='word_1_2' title='bbox 669 462 739 517; x_wconf 85' lang='grc'>60,</span> <span class='ocrx_word' id='word_1_3' title='bbox 781 465 904 507; x_wconf 88' lang='grc'><strong>11-</strong></span> <span class='ocrx_word' id='word_1_4' title='bbox 918 464 992 518; x_wconf 75' lang='lat'><strong>21)</strong></span> <span class='ocrx_word' id='word_1_5' title='bbox 1030 464 1272 507; x_wconf 81' lang='lat' dir='ltr'><strong>maximam</strong></span> <span class='ocrx_word' id='word_1_6' title='bbox 1307 465 1481 519; x_wconf 85' lang='lat' dir='ltr'><strong>partem</strong></span> <span class='ocrx_word' id='word_1_7' title='bbox 1519 464 1773 519; x_wconf 78' lang='lat' dir='ltr'><strong>compilavit</strong></span> 
     </span>
    </p>
   </div>
   <div class='ocr_carea' id='block_1_2' title="bbox 858 384 1128 391">
    <p class='ocr_par' dir='ltr' id='par_1_2' title="bbox 858 384 1128 391">
     <span class='ocr_line' id='line_1_2' title="bbox 858 384 1128 391; baseline 0 3047"><span class='ocrx_word' id='word_1_8' title='bbox 858 384 1128 391; x_wconf 95' lang='lat' dir='ltr'><strong> </strong></span> 
     </span>
    </p>
   </div>
   <div class='ocr_carea' id='block_1_3' title="bbox 0 0 310 549">
    <p class='ocr_par' dir='ltr' id='par_1_3' title="bbox 0 0 310 549">
     <span class='ocr_line' id='line_1_3' title="bbox 0 0 310 549; baseline 0 0"><span class='ocrx_word' id='word_1_9' title='bbox 0 0 310 549; x_wconf 95' lang='lat' dir='ltr'><strong>   </strong></span> 
     </span>
    </p>
   </div>
   <div class='ocr_carea' id='block_1_4' title="bbox 78 532 1773 796">
    <p class='ocr_par' dir='ltr' id='par_1_4' title="bbox 78 532 1773 796">
     <span class='ocr_line' id='line_1_4' title="bbox 215 532 1773 588; baseline -0.003 -6.38"><span class='ocrx_word' id='word_1_10' title='bbox 215 533 598 588; x_wconf 63' lang='lat' dir='ltr'><strong>mnrium</strong></span> <span class='ocrx_word' id='word_1_11' title='bbox 625 534 659 586; x_wconf 86' lang='lat'><strong>1,</strong></span> <span class='ocrx_word' id='word_1_12' title='bbox 689 532 852 577; x_wconf 87' lang='lat' dir='ltr'><strong>deinde</strong></span> <span class='ocrx_word' id='word_1_13' title='bbox 879 535 1023 576; x_wconf 83' lang='lat' dir='ltr'><strong>totum</strong></span> <span class='ocrx_word' id='word_1_14' title='bbox 1055 546 1104 576; x_wconf 88' lang='lat' dir='ltr'><strong>se</strong></span> <span class='ocrx_word' id='word_1_15' title='bbox 1135 532 1258 576; x_wconf 88' lang='lat' dir='ltr'><strong>dedit</strong></span> <span class='ocrx_word' id='word_1_16' title='bbox 1286 532 1416 576; x_wconf 82' lang='lat' dir='ltr'><strong>alteri</strong></span> <span class='ocrx_word' id='word_1_17' title='bbox 1437 534 1773 586; x_wconf 85' lang='lat' dir='ltr'><strong>commentario,</strong></span> 
     </span>
     <span class='ocr_line' id='line_1_5' title="bbox 78 539 1771 658; baseline -0.003 -7"><span class='ocrx_word' id='word_1_18' title='bbox 78 539 142 658; x_wconf 13' lang='grc' dir='ltr'><strong>,ἕξ</strong></span> <span class='ocrx_word' id='word_1_19' title='bbox 159 599 321 649; x_wconf 61' lang='lat' dir='ltr'><strong>nd</strong></span> <span class='ocrx_word' id='word_1_20' title='bbox 329 614 429 647; x_wconf 78' lang='lat' dir='ltr'><strong>non</strong></span> <span class='ocrx_word' id='word_1_21' title='bbox 464 601 540 654; x_wconf 80' lang='lat' dir='ltr'><strong>ita,</strong></span> <span class='ocrx_word' id='word_1_22' title='bbox 577 605 629 646; x_wconf 89' lang='lat' dir='ltr'><strong>ut</strong></span> <span class='ocrx_word' id='word_1_23' title='bbox 665 615 760 647; x_wconf 87' lang='lat' dir='ltr'><strong>non</strong></span> <span class='ocrx_word' id='word_1_24' title='bbox 795 601 1023 646; x_wconf 89' lang='lat' dir='ltr'><strong>interdum</strong></span> <span class='ocrx_word' id='word_1_25' title='bbox 1052 602 1174 645; x_wconf 84' lang='lat' dir='ltr'><strong>velut</strong></span> <span class='ocrx_word' id='word_1_26' title='bbox 1203 602 1251 644; x_wconf 90' lang='lat' dir='ltr'><strong>in</strong></span> <span class='ocrx_word' id='word_1_27' title='bbox 1278 601 1364 645; x_wconf 81' lang='grc' dir='ltr'><strong>τῶν</strong></span> <span class='ocrx_word' id='word_1_28' title='bbox 1391 598 1583 645; x_wconf 73' lang='grc' dir='ltr'><strong><em>ἀτάκτων</em></strong></span> <span class='ocrx_word' id='word_1_29' title='bbox 1613 600 1771 658; x_wconf 73' lang='grc' dir='ltr'>μέτρων</span> 
     </span>
     <span class='ocr_line' id='line_1_6' title="bbox 118 668 1772 727; baseline -0.001 -11.04"><span class='ocrx_word' id='word_1_30' title='bbox 84 631 170 732; x_wconf 90' lang='lat'>4·</span> <span class='ocrx_word' id='word_1_31' title='bbox 216 668 526 727; x_wconf 53' lang='lat' dir='ltr'><strong>&amp;musone</strong></span> <span class='ocrx_word' id='word_1_32' title='bbox 561 671 623 727; x_wconf 88' lang='lat' dir='ltr'><strong>(p.</strong></span> <span class='ocrx_word' id='word_1_33' title='bbox 659 670 731 723; x_wconf 98' lang='grc'>64,</span> <span class='ocrx_word' id='word_1_34' title='bbox 769 671 892 714; x_wconf 87' lang='lat'><strong>10-</strong></span> <span class='ocrx_word' id='word_1_35' title='bbox 913 670 984 725; x_wconf 88' lang='grc'><strong>18)</strong></span> <span class='ocrx_word' id='word_1_36' title='bbox 1020 670 1252 726; x_wconf 88' lang='lat' dir='ltr'><strong>utriusque</strong></span> <span class='ocrx_word' id='word_1_37' title='bbox 1290 670 1602 714; x_wconf 88' lang='lat' dir='ltr'><strong>commentarii</strong></span> <span class='ocrx_word' id='word_1_38' title='bbox 1636 672 1772 714; x_wconf 82' lang='lat' dir='ltr'><strong>verba</strong></span> 
     </span>
     <span class='ocr_line' id='line_1_7' title="bbox 216 737 1773 796; baseline -0.004 -8.52"><span class='ocrx_word' id='word_1_39' title='bbox 216 738 530 789; x_wconf 58' lang='lat' dir='ltr'><strong>fflndaet.</strong></span> <span class='ocrx_word' id='word_1_40' title='bbox 588 740 752 784; x_wconf 87' lang='lat' dir='ltr'><strong>Verum</strong></span> <span class='ocrx_word' id='word_1_41' title='bbox 780 739 860 783; x_wconf 89' lang='lat' dir='ltr'><strong>illa</strong></span> <span class='ocrx_word' id='word_1_42' title='bbox 888 739 988 794; x_wconf 92' lang='lat' dir='ltr'><strong>ipsa</strong></span> <span class='ocrx_word' id='word_1_43' title='bbox 1018 740 1219 783; x_wconf 87' lang='lat' dir='ltr'><strong>carmina</strong></span> <span class='ocrx_word' id='word_1_44' title='bbox 1238 752 1340 783; x_wconf 91' lang='lat' dir='ltr'><strong>cum</strong></span> <span class='ocrx_word' id='word_1_45' title='bbox 1360 737 1527 783; x_wconf 87' lang='lat' dir='ltr'><strong>dicat&#39;</strong></span> <span class='ocrx_word' id='word_1_46' title='bbox 1499 753 1608 796; x_wconf 76' lang='grc' dir='ltr'><strong>απερ</strong></span> <span class='ocrx_word' id='word_1_47' title='bbox 1637 738 1773 796; x_wconf 75' lang='grc' dir='ltr'>μέτρῳ</span> 
     </span>
    </p>
   </div>
   <div class='ocr_carea' id='block_1_5' title="bbox 78 803 1774 934">
    <p class='ocr_par' dir='ltr' id='par_1_5' title="bbox 78 787 1774 934">
     <span class='ocr_line' id='line_1_8' title="bbox 78 803 1774 879; baseline -0.002 -23"><span class='ocrx_word' id='word_1_48' title='bbox 78 808 146 879; x_wconf 66' lang='lat'><strong>4³{</strong></span> <span class='ocrx_word' id='word_1_49' title='bbox 212 805 453 869; x_wconf 54' lang='lat' dir='ltr'><em>m</em></span> <span class='ocrx_word' id='word_1_50' title='bbox 478 823 554 853; x_wconf 81' lang='grc' dir='ltr'>τινι</span> <span class='ocrx_word' id='word_1_51' title='bbox 579 803 631 852; x_wconf 74' lang='grc' dir='ltr'><strong>οὗ</strong></span> <span class='ocrx_word' id='word_1_52' title='bbox 658 807 910 866; x_wconf 74' lang='grc' dir='ltr'><strong>τιταγμένῳ,</strong></span> <span class='ocrx_word' id='word_1_53' title='bbox 939 809 1039 852; x_wconf 90' lang='lat' dir='ltr'><strong>luce</strong></span> <span class='ocrx_word' id='word_1_54' title='bbox 1071 809 1235 852; x_wconf 87' lang='lat' dir='ltr'><strong>clarius</strong></span> <span class='ocrx_word' id='word_1_55' title='bbox 1266 811 1348 861; x_wconf 87' lang='lat' dir='ltr'><strong>est,</strong></span> <span class='ocrx_word' id='word_1_56' title='bbox 1379 809 1427 851; x_wconf 89' lang='lat' dir='ltr'><strong>id</strong></span> <span class='ocrx_word' id='word_1_57' title='bbox 1455 809 1575 864; x_wconf 88' lang='lat' dir='ltr'><strong>quod</strong></span> <span class='ocrx_word' id='word_1_58' title='bbox 1602 810 1672 852; x_wconf 86' lang='lat' dir='ltr'><strong>vel</strong></span> <span class='ocrx_word' id='word_1_59' title='bbox 1692 822 1774 865; x_wconf 88' lang='lat' dir='ltr'><strong>per</strong></span> 
     </span>
     <span class='ocr_line' id='line_1_9' title="bbox 90 872 1774 934; baseline -0.003 -7"><span class='ocrx_word' id='word_1_60' title='bbox 90 872 94 874; x_wconf 42' lang='grc'><strong>’</strong></span> <span class='ocrx_word' id='word_1_61' title='bbox 123 882 136 892; x_wconf 71' lang='grc'><em>“</em></span> <span class='ocrx_word' id='word_1_62' title='bbox 175 880 177 882; x_wconf 72' lang='grc'><strong>’</strong></span> <span class='ocrx_word' id='word_1_63' title='bbox 212 878 517 934; x_wconf 58' lang='lat' dir='ltr'><strong>*muri</strong></span> <span class='ocrx_word' id='word_1_64' title='bbox 554 878 672 931; x_wconf 83' lang='lat' dir='ltr'><strong>licet,</strong></span> <span class='ocrx_word' id='word_1_65' title='bbox 707 891 801 922; x_wconf 91' lang='lat' dir='ltr'><strong>non</strong></span> <span class='ocrx_word' id='word_1_66' title='bbox 840 877 974 921; x_wconf 88' lang='lat' dir='ltr'><strong>aliam</strong></span> <span class='ocrx_word' id='word_1_67' title='bbox 1012 880 1193 933; x_wconf 90' lang='lat' dir='ltr'><strong>praesto</strong></span> <span class='ocrx_word' id='word_1_68' title='bbox 1233 877 1372 921; x_wconf 81' lang='lat' dir='ltr'><strong>fuisse</strong></span> <span class='ocrx_word' id='word_1_69' title='bbox 1403 878 1555 921; x_wconf 87' lang='lat' dir='ltr'><strong>Isaaco</strong></span> <span class='ocrx_word' id='word_1_70' title='bbox 1586 879 1774 922; x_wconf 82' lang='lat' dir='ltr'><strong>Tzetzae</strong></span> 
     </span>
    </p>
   </div>
   <div class='ocr_carea' id='block_1_6' title="bbox 214 944 1769 1004">
    <p class='ocr_par' dir='ltr' id='par_1_6' title="bbox 63 918 1769 1013">
     <span class='ocr_line' id='line_1_10' title="bbox 214 944 1769 1004; baseline 0.024 -46.415"><span class='ocrx_word' id='word_1_71' title='bbox 214 944 261 993; x_wconf 62' lang='lat' dir='ltr'><strong>n</strong></span> <span class='ocrx_word' id='word_1_72' title='bbox 316 946 332 992; x_wconf 70' lang='grc' dir='ltr'>Ι</span> <span class='ocrx_word' id='word_1_73' title='bbox 431 947 629 992; x_wconf 59' lang='lat' dir='ltr'><strong>&#39;foueam</strong></span> <span class='ocrx_word' id='word_1_74' title='bbox 672 947 766 1004; x_wconf 64' lang='grc' dir='ltr'>περὶ</span> <span class='ocrx_word' id='word_1_75' title='bbox 793 945 1024 1003; x_wconf 62' lang='grc' dir='ltr'><strong>ποιήματος</strong></span> <span class='ocrx_word' id='word_1_76' title='bbox 1055 946 1306 990; x_wconf 84' lang='lat' dir='ltr'><strong>doctrinam</strong></span> <span class='ocrx_word' id='word_1_77' title='bbox 1335 949 1470 1002; x_wconf 84' lang='lat' dir='ltr'><strong>atque</strong></span> <span class='ocrx_word' id='word_1_78' title='bbox 1500 948 1631 990; x_wconf 88' lang='lat' dir='ltr'><strong>nobis</strong></span> <span class='ocrx_word' id='word_1_79' title='bbox 1666 961 1769 1003; x_wconf 84' lang='lat' dir='ltr'><strong>per·</strong></span> 
     </span>
    </p>
   </div>
   <div class='ocr_carea' id='block_1_7' title="bbox 0 549 112 628">
    <p class='ocr_par' dir='ltr' id='par_1_7' title="bbox 0 549 112 628">
     <span class='ocr_line' id='line_1_11' title="bbox 0 549 112 628; baseline 0 2810"><span class='ocrx_word' id='word_1_80' title='bbox 0 549 112 628; x_wconf 95' lang='lat' dir='ltr'><strong> </strong></span> 
     </span>
    </p>
   </div>
   <div class='ocr_carea' id='block_1_8' title="bbox 218 1014 1774 1072">
    <p class='ocr_par' dir='ltr' id='par_1_8' title="bbox 218 1014 1774 1072">
     <span class='ocr_line' id='line_1_12' title="bbox 218 1014 1774 1072; baseline -0.002 -9"><span class='ocrx_word' id='word_1_81' title='bbox 218 1014 415 1064; x_wconf 61' lang='lat' dir='ltr'><strong>w.</strong></span> <span class='ocrx_word' id='word_1_82' title='bbox 472 1016 670 1061; x_wconf 83' lang='lat' dir='ltr'><strong>Scholiis</strong></span> <span class='ocrx_word' id='word_1_83' title='bbox 700 1029 878 1072; x_wconf 86' lang='lat' dir='ltr'><strong>quoque</strong></span> <span class='ocrx_word' id='word_1_84' title='bbox 904 1029 1015 1059; x_wconf 87' lang='lat' dir='ltr'><strong>usus</strong></span> <span class='ocrx_word' id='word_1_85' title='bbox 1046 1018 1116 1060; x_wconf 90' lang='lat' dir='ltr'><strong>est</strong></span> <span class='ocrx_word' id='word_1_86' title='bbox 1146 1015 1317 1059; x_wconf 88' lang='lat' dir='ltr'><strong>eisdem</strong></span> <span class='ocrx_word' id='word_1_87' title='bbox 1350 1029 1463 1071; x_wconf 87' lang='lat' dir='ltr'><strong>quae</strong></span> <span class='ocrx_word' id='word_1_88' title='bbox 1491 1016 1625 1059; x_wconf 89' lang='lat' dir='ltr'><strong>etiam</strong></span> <span class='ocrx_word' id='word_1_89' title='bbox 1655 1030 1774 1060; x_wconf 89' lang='lat' dir='ltr'><strong>nunc</strong></span> 
     </span>
    </p>
   </div>
   <div class='ocr_carea' id='block_1_9' title="bbox 71 1084 1773 1351">
    <p class='ocr_par' dir='ltr' id='par_1_9' title="bbox 66 1084 1773 1351">
     <span class='ocr_line' id='line_1_13' title="bbox 71 1084 1772 1141; baseline -0.003 -9"><span class='ocrx_word' id='word_1_90' title='bbox 71 1101 142 1141; x_wconf 91' lang='grc' dir='ltr'>ι</span> <span class='ocrx_word' id='word_1_91' title='bbox 218 1084 486 1132; x_wconf 61' lang='lat' dir='ltr'><strong><em>m</em></strong></span> <span class='ocrx_word' id='word_1_92' title='bbox 504 1084 549 1128; x_wconf 91' lang='grc' dir='ltr'><strong><em>Β</em></strong></span> <span class='ocrx_word' id='word_1_93' title='bbox 566 1085 796 1129; x_wconf 83' lang='lat' dir='ltr'><strong>codicibus</strong></span> <span class='ocrx_word' id='word_1_94' title='bbox 817 1085 1045 1140; x_wconf 81' lang='lat' dir='ltr'><strong>leguntur:</strong></span> <span class='ocrx_word' id='word_1_95' title='bbox 1076 1085 1131 1128; x_wconf 75' lang='lat' dir='ltr'><strong>cf.</strong></span> <span class='ocrx_word' id='word_1_96' title='bbox 1153 1085 1301 1129; x_wconf 84' lang='lat' dir='ltr'><strong>Tzetz.</strong></span> <span class='ocrx_word' id='word_1_97' title='bbox 1327 1085 1355 1128; x_wconf 94' lang='lat' dir='ltr'><strong>l.</strong></span> <span class='ocrx_word' id='word_1_98' title='bbox 1385 1098 1422 1128; x_wconf 92' lang='lat' dir='ltr'><strong>c.</strong></span> <span class='ocrx_word' id='word_1_99' title='bbox 1449 1098 1493 1140; x_wconf 88' lang='lat' dir='ltr'><strong>p.</strong></span> <span class='ocrx_word' id='word_1_100' title='bbox 1513 1085 1583 1137; x_wconf 72' lang='lat'><strong>62,</strong></span> <span class='ocrx_word' id='word_1_101' title='bbox 1604 1085 1772 1128; x_wconf 79' lang='lat'><strong>31—32</strong></span> 
     </span>
     <span class='ocr_line' id='line_1_14' title="bbox 213 1154 1771 1211; baseline -0.001 -14.086"><span class='ocrx_word' id='word_1_102' title='bbox 213 1154 444 1201; x_wconf 54' lang='lat' dir='ltr'><strong>mum.</strong></span> <span class='ocrx_word' id='word_1_103' title='bbox 486 1167 532 1211; x_wconf 84' lang='lat' dir='ltr'><strong>p.</strong></span> <span class='ocrx_word' id='word_1_104' title='bbox 575 1154 635 1198; x_wconf 85' lang='lat' dir='ltr'><strong>IX</strong></span> <span class='ocrx_word' id='word_1_105' title='bbox 665 1155 829 1205; x_wconf 83' lang='grc' dir='ltr'>9-1ος</span> <span class='ocrx_word' id='word_1_106' title='bbox 858 1168 902 1210; x_wconf 89' lang='lat' dir='ltr'><strong>p.</strong></span> <span class='ocrx_word' id='word_1_107' title='bbox 932 1155 1002 1206; x_wconf 87' lang='grc'><strong>63,</strong></span> <span class='ocrx_word' id='word_1_108' title='bbox 1032 1155 1173 1197; x_wconf 86' lang='grc'>9-13</span> <span class='ocrx_word' id='word_1_109' title='bbox 1201 1157 1247 1198; x_wconf 80' lang='lat' dir='ltr'><strong>et</strong></span> <span class='ocrx_word' id='word_1_110' title='bbox 1276 1154 1420 1197; x_wconf 82' lang='lat' dir='ltr'><strong>schol.</strong></span> <span class='ocrx_word' id='word_1_111' title='bbox 1449 1167 1491 1209; x_wconf 89' lang='lat' dir='ltr'><strong>p.</strong></span> <span class='ocrx_word' id='word_1_112' title='bbox 1514 1154 1553 1196; x_wconf 89' lang='lat' dir='ltr'>X</span> <span class='ocrx_word' id='word_1_113' title='bbox 1584 1155 1771 1204; x_wconf 81' lang='lat'>14-—15;</span> 
     </span>
     <span class='ocr_line' id='line_1_15' title="bbox 88 1215 1773 1281; baseline 0.002 -19"><span class='ocrx_word' id='word_1_114' title='bbox 88 1215 102 1262; x_wconf 63' lang='grc' dir='ltr'><strong>ξ·</strong></span> <span class='ocrx_word' id='word_1_115' title='bbox 125 1260 144 1276; x_wconf 7' lang='grc' dir='ltr'><strong>Ἰ,</strong></span> <span class='ocrx_word' id='word_1_116' title='bbox 212 1235 261 1281; x_wconf 72' lang='lat'><strong>1).</strong></span> <span class='ocrx_word' id='word_1_117' title='bbox 288 1222 362 1277; x_wconf 74' lang='lat' dir='ltr'><strong>u,</strong></span> <span class='ocrx_word' id='word_1_118' title='bbox 393 1222 558 1268; x_wconf 77' lang='lat'>16-17</span> <span class='ocrx_word' id='word_1_119' title='bbox 590 1226 635 1266; x_wconf 83' lang='lat' dir='ltr'><strong>et</strong></span> <span class='ocrx_word' id='word_1_120' title='bbox 667 1224 808 1267; x_wconf 89' lang='lat' dir='ltr'><strong>schol.</strong></span> <span class='ocrx_word' id='word_1_121' title='bbox 838 1237 880 1278; x_wconf 92' lang='lat' dir='ltr'><strong>p.</strong></span> <span class='ocrx_word' id='word_1_122' title='bbox 902 1223 997 1266; x_wconf 86' lang='lat' dir='ltr'><strong>XIII</strong></span> <span class='ocrx_word' id='word_1_123' title='bbox 1029 1224 1149 1266; x_wconf 87' lang='lat'><strong>13—</strong></span> <span class='ocrx_word' id='word_1_124' title='bbox 1170 1223 1243 1274; x_wconf 88' lang='grc'><strong>14;</strong></span> <span class='ocrx_word' id='word_1_125' title='bbox 1286 1237 1330 1278; x_wconf 87' lang='lat' dir='ltr'><strong>p.</strong></span> <span class='ocrx_word' id='word_1_126' title='bbox 1360 1223 1429 1276; x_wconf 85' lang='grc'>64,</span> <span class='ocrx_word' id='word_1_127' title='bbox 1458 1223 1510 1266; x_wconf 76' lang='lat'><strong>21</strong></span> <span class='ocrx_word' id='word_1_128' title='bbox 1550 1225 1595 1266; x_wconf 87' lang='lat' dir='ltr'><strong>et</strong></span> <span class='ocrx_word' id='word_1_129' title='bbox 1632 1223 1773 1266; x_wconf 89' lang='lat' dir='ltr'><strong>schol.</strong></span> 
     </span>
     <span class='ocr_line' id='line_1_16' title="bbox 75 1288 1772 1351; baseline -0.004 -11"><span class='ocrx_word' id='word_1_130' title='bbox 75 1288 135 1340; x_wconf 52' lang='grc' dir='ltr'><strong>’ἢ</strong></span> <span class='ocrx_word' id='word_1_131' title='bbox 211 1290 361 1351; x_wconf 55' lang='grc' dir='ltr'><strong>ΝΠ</strong></span> <span class='ocrx_word' id='word_1_132' title='bbox 373 1293 538 1343; x_wconf 72' lang='grc'>9-11;</span> <span class='ocrx_word' id='word_1_133' title='bbox 565 1306 610 1348; x_wconf 90' lang='lat' dir='ltr'><strong>p.</strong></span> <span class='ocrx_word' id='word_1_134' title='bbox 629 1293 699 1345; x_wconf 82' lang='grc'>64,</span> <span class='ocrx_word' id='word_1_135' title='bbox 729 1292 895 1335; x_wconf 78' lang='lat'>29—31</span> <span class='ocrx_word' id='word_1_136' title='bbox 920 1295 965 1335; x_wconf 88' lang='lat' dir='ltr'><strong>et</strong></span> <span class='ocrx_word' id='word_1_137' title='bbox 994 1292 1063 1344; x_wconf 88' lang='lat'><strong>87,</strong></span> <span class='ocrx_word' id='word_1_138' title='bbox 1093 1292 1276 1343; x_wconf 81' lang='grc'>26-88,</span> <span class='ocrx_word' id='word_1_139' title='bbox 1309 1293 1327 1334; x_wconf 90' lang='grc'>1</span> <span class='ocrx_word' id='word_1_140' title='bbox 1362 1295 1407 1335; x_wconf 88' lang='lat' dir='ltr'><strong>et</strong></span> <span class='ocrx_word' id='word_1_141' title='bbox 1437 1292 1578 1335; x_wconf 89' lang='lat' dir='ltr'><strong>schol.</strong></span> <span class='ocrx_word' id='word_1_142' title='bbox 1607 1306 1650 1347; x_wconf 91' lang='lat' dir='ltr'><strong>p.</strong></span> <span class='ocrx_word' id='word_1_143' title='bbox 1680 1292 1772 1335; x_wconf 88' lang='lat' dir='ltr'>XIII</span> 
     </span>
    </p>
   </div>
   <div class='ocr_carea' id='block_1_10' title="bbox 214 1360 1773 1418">
    <p class='ocr_par' dir='ltr' id='par_1_10' title="bbox 214 1360 1773 1418">
     <span class='ocr_line' id='line_1_17' title="bbox 214 1360 1773 1418; baseline -0.002 -12"><span class='ocrx_word' id='word_1_144' title='bbox 214 1360 275 1415; x_wconf 73' lang='lat' dir='ltr'><strong>u</strong></span> <span class='ocrx_word' id='word_1_145' title='bbox 299 1372 399 1418; x_wconf 77' lang='lat' dir='ltr'><strong>sqq.</strong></span> <span class='ocrx_word' id='word_1_146' title='bbox 458 1361 515 1405; x_wconf 85' lang='lat' dir='ltr'><strong>Et</strong></span> <span class='ocrx_word' id='word_1_147' title='bbox 543 1374 572 1404; x_wconf 91' lang='lat' dir='ltr'><strong>a</strong></span> <span class='ocrx_word' id='word_1_148' title='bbox 609 1361 943 1404; x_wconf 88' lang='lat' dir='ltr'><strong>commentariis</strong></span> <span class='ocrx_word' id='word_1_149' title='bbox 974 1363 1019 1403; x_wconf 88' lang='lat' dir='ltr'><strong>et</strong></span> <span class='ocrx_word' id='word_1_150' title='bbox 1048 1374 1076 1404; x_wconf 91' lang='lat' dir='ltr'><strong>a</strong></span> <span class='ocrx_word' id='word_1_151' title='bbox 1105 1361 1289 1404; x_wconf 88' lang='lat' dir='ltr'><strong>scholiis</strong></span> <span class='ocrx_word' id='word_1_152' title='bbox 1320 1361 1534 1404; x_wconf 89' lang='lat' dir='ltr'><strong>recedunt</strong></span> <span class='ocrx_word' id='word_1_153' title='bbox 1564 1374 1630 1413; x_wconf 88' lang='lat' dir='ltr'><strong>ea,</strong></span> <span class='ocrx_word' id='word_1_154' title='bbox 1660 1375 1773 1416; x_wconf 88' lang='lat' dir='ltr'><strong>quae</strong></span> 
     </span>
    </p>
   </div>
   <div class='ocr_carea' id='block_1_11' title="bbox 82 1423 1772 1485">
    <p class='ocr_par' dir='ltr' id='par_1_11' title="bbox 82 1396 1772 1485">
     <span class='ocr_line' id='line_1_18' title="bbox 82 1423 1772 1485; baseline 0.003 -18"><span class='ocrx_word' id='word_1_155' title='bbox 82 1425 95 1467; x_wconf 68' lang='grc' dir='ltr'>ζ</span> <span class='ocrx_word' id='word_1_156' title='bbox 213 1423 491 1480; x_wconf 53' lang='lat' dir='ltr'><strong>lxm</strong></span> <span class='ocrx_word' id='word_1_157' title='bbox 518 1443 563 1485; x_wconf 91' lang='lat' dir='ltr'><strong>p.</strong></span> <span class='ocrx_word' id='word_1_158' title='bbox 591 1428 662 1481; x_wconf 85' lang='grc'>65,</span> <span class='ocrx_word' id='word_1_159' title='bbox 696 1430 878 1472; x_wconf 86' lang='grc'>16--18</span> <span class='ocrx_word' id='word_1_160' title='bbox 907 1429 964 1472; x_wconf 88' lang='lat' dir='ltr'><strong>de</strong></span> <span class='ocrx_word' id='word_1_161' title='bbox 993 1429 1332 1484; x_wconf 88' lang='lat' dir='ltr'><strong>monostrophis</strong></span> <span class='ocrx_word' id='word_1_162' title='bbox 1364 1432 1408 1472; x_wconf 90' lang='lat' dir='ltr'><strong>et</strong></span> <span class='ocrx_word' id='word_1_163' title='bbox 1438 1429 1637 1484; x_wconf 86' lang='lat' dir='ltr'><strong>epodicis</strong></span> <span class='ocrx_word' id='word_1_164' title='bbox 1667 1443 1772 1485; x_wconf 90' lang='lat' dir='ltr'><strong>pro-</strong></span> 
     </span>
    </p>
   </div>
   <div class='ocr_carea' id='block_1_12' title="bbox 209 1497 1768 1555">
    <p class='ocr_par' dir='ltr' id='par_1_12' title="bbox 209 1497 1768 1555">
     <span class='ocr_line' id='line_1_19' title="bbox 209 1497 1768 1555; baseline 0 -13"><span class='ocrx_word' id='word_1_165' title='bbox 209 1497 478 1555; x_wconf 52' lang='lat' dir='ltr'><strong>musque</strong></span> <span class='ocrx_word' id='word_1_166' title='bbox 492 1511 606 1554; x_wconf 86' lang='lat' dir='ltr'><strong>quae</strong></span> <span class='ocrx_word' id='word_1_167' title='bbox 622 1498 871 1542; x_wconf 83' lang='lat' dir='ltr'><strong>carminum</strong></span> <span class='ocrx_word' id='word_1_168' title='bbox 886 1498 1176 1554; x_wconf 85' lang='lat' dir='ltr'><strong>epodicorum</strong></span> <span class='ocrx_word' id='word_1_169' title='bbox 1192 1498 1466 1542; x_wconf 75' lang='lat' dir='ltr'><strong>enarrationi</strong></span> <span class='ocrx_word' id='word_1_170' title='bbox 1482 1512 1525 1553; x_wconf 88' lang='lat' dir='ltr'><strong>p.</strong></span> <span class='ocrx_word' id='word_1_171' title='bbox 1542 1498 1612 1550; x_wconf 85' lang='lat'><strong>66,</strong></span> <span class='ocrx_word' id='word_1_172' title='bbox 1627 1499 1768 1542; x_wconf 76' lang='lat'><strong>8-25</strong></span> 
     </span>
    </p>
   </div>
   <div class='ocr_carea' id='block_1_13' title="bbox 216 1566 1771 1624">
    <p class='ocr_par' dir='ltr' id='par_1_13' title="bbox 75 1547 1771 1638">
     <span class='ocr_line' id='line_1_20' title="bbox 216 1566 1771 1624; baseline 0.03 -59.76"><span class='ocrx_word' id='word_1_173' title='bbox 216 1566 524 1624; x_wconf 58' lang='lat' dir='ltr'><strong>madeant</strong></span> <span class='ocrx_word' id='word_1_174' title='bbox 574 1567 621 1611; x_wconf 74' lang='lat' dir='ltr'><strong>in</strong></span> <span class='ocrx_word' id='word_1_175' title='bbox 665 1568 731 1611; x_wconf 72' lang='lat' dir='ltr'><strong>eis</strong></span> <span class='ocrx_word' id='word_1_176' title='bbox 776 1581 890 1623; x_wconf 76' lang='lat' dir='ltr'><strong>quae</strong></span> <span class='ocrx_word' id='word_1_177' title='bbox 934 1570 1088 1611; x_wconf 81' lang='lat' dir='ltr'><strong>extant</strong></span> <span class='ocrx_word' id='word_1_178' title='bbox 1132 1567 1317 1611; x_wconf 87' lang='lat' dir='ltr'><strong>scholiis</strong></span> <span class='ocrx_word' id='word_1_179' title='bbox 1362 1567 1771 1622; x_wconf 89' lang='lat' dir='ltr'><strong>deprehenduntur.</strong></span> 
     </span>
    </p>
   </div>
   <div class='ocr_carea' id='block_1_14' title="bbox 0 628 140 2063">
    <p class='ocr_par' dir='ltr' id='par_1_14' title="bbox 0 628 140 2063">
     <span class='ocr_line' id='line_1_21' title="bbox 0 628 140 2063; baseline 0 0"><span class='ocrx_word' id='word_1_180' title='bbox 0 628 140 2063; x_wconf 95' lang='lat' dir='ltr'><strong> </strong></span> 
     </span>
    </p>
   </div>
   <div class='ocr_carea' id='block_1_15' title="bbox 211 1635 1773 1829">
    <p class='ocr_par' dir='ltr' id='par_1_15' title="bbox 211 1635 1773 1829">
     <span class='ocr_line' id='line_1_22' title="bbox 211 1635 1772 1693; baseline 0 -12"><span class='ocrx_word' id='word_1_181' title='bbox 211 1635 379 1685; x_wconf 68' lang='lat' dir='ltr'><strong>Vm</strong></span> <span class='ocrx_word' id='word_1_182' title='bbox 404 1637 684 1693; x_wconf 79' lang='lat' dir='ltr'><strong>probabilius</strong></span> <span class='ocrx_word' id='word_1_183' title='bbox 722 1650 823 1680; x_wconf 86' lang='lat' dir='ltr'><strong>esse</strong></span> <span class='ocrx_word' id='word_1_184' title='bbox 865 1637 978 1680; x_wconf 86' lang='lat' dir='ltr'><strong>haec</strong></span> <span class='ocrx_word' id='word_1_185' title='bbox 1007 1650 1064 1680; x_wconf 88' lang='lat' dir='ltr'><strong>ex</strong></span> <span class='ocrx_word' id='word_1_186' title='bbox 1094 1637 1279 1680; x_wconf 88' lang='lat' dir='ltr'><strong>scholiis</strong></span> <span class='ocrx_word' id='word_1_187' title='bbox 1309 1636 1562 1680; x_wconf 88' lang='lat' dir='ltr'><strong>Pindaricis</strong></span> <span class='ocrx_word' id='word_1_188' title='bbox 1593 1640 1772 1693; x_wconf 85' lang='lat' dir='ltr'><strong>sumpta</strong></span> 
     </span>
     <span class='ocr_line' id='line_1_23' title="bbox 213 1705 1773 1829; baseline 0 -79"><span class='ocrx_word' id='word_1_189' title='bbox 213 1717 571 1829; x_wconf 50' lang='lat' dir='ltr'><strong>ngx</strong></span> <span class='ocrx_word' id='word_1_190' title='bbox 603 1706 790 1750; x_wconf 84' lang='lat' dir='ltr'><strong>scholiis</strong></span> <span class='ocrx_word' id='word_1_191' title='bbox 818 1706 1194 1762; x_wconf 86' lang='lat' dir='ltr'><strong>Hephaestioneis</strong></span> <span class='ocrx_word' id='word_1_192' title='bbox 1223 1705 1359 1749; x_wconf 88' lang='lat' dir='ltr'><strong>hodie</strong></span> <span class='ocrx_word' id='word_1_193' title='bbox 1386 1706 1628 1761; x_wconf 85' lang='lat' dir='ltr'><strong>deperditis</strong></span> <span class='ocrx_word' id='word_1_194' title='bbox 1656 1706 1773 1750; x_wconf 85' lang='lat' dir='ltr'><strong>infra</strong></span> 
     </span>
    </p>
   </div>
   <div class='ocr_carea' id='block_1_16' title="bbox 211 1855 1771 2186">
    <p class='ocr_par' dir='ltr' id='par_1_16' title="bbox 211 1852 1771 2186">
     <span class='ocr_line' id='line_1_24' title="bbox 239 1855 1769 1911; baseline -0.001 -10"><span class='ocrx_word' id='word_1_195' title='bbox 239 1856 393 1901; x_wconf 77' lang='lat' dir='ltr'><strong>De</strong></span> <span class='ocrx_word' id='word_1_196' title='bbox 427 1857 657 1900; x_wconf 84' lang='lat' dir='ltr'><strong>Demetrio</strong></span> <span class='ocrx_word' id='word_1_197' title='bbox 696 1856 915 1900; x_wconf 90' lang='lat' dir='ltr'><strong>Triclinio</strong></span> <span class='ocrx_word' id='word_1_198' title='bbox 953 1869 1046 1900; x_wconf 89' lang='lat' dir='ltr'><strong>non</strong></span> <span class='ocrx_word' id='word_1_199' title='bbox 1086 1857 1233 1900; x_wconf 89' lang='lat' dir='ltr'><strong>habeo</strong></span> <span class='ocrx_word' id='word_1_200' title='bbox 1265 1856 1386 1911; x_wconf 86' lang='lat' dir='ltr'><strong>quod</strong></span> <span class='ocrx_word' id='word_1_201' title='bbox 1416 1855 1592 1899; x_wconf 88' lang='lat' dir='ltr'><strong>addam.</strong></span> <span class='ocrx_word' id='word_1_202' title='bbox 1651 1855 1769 1900; x_wconf 88' lang='lat' dir='ltr'><strong>Usus</strong></span> 
     </span>
     <span class='ocr_line' id='line_1_25' title="bbox 215 1922 1769 1982; baseline -0.001 -13"><span class='ocrx_word' id='word_1_203' title='bbox 215 1923 296 1969; x_wconf 59' lang='lat' dir='ltr'><strong>GU·</strong></span> <span class='ocrx_word' id='word_1_204' title='bbox 320 1923 464 1969; x_wconf 69' lang='lat' dir='ltr'><strong>ultero</strong></span> <span class='ocrx_word' id='word_1_205' title='bbox 499 1925 597 1981; x_wconf 74' lang='grc' dir='ltr'><strong>περὶ</strong></span> <span class='ocrx_word' id='word_1_206' title='bbox 632 1922 865 1982; x_wconf 72' lang='grc' dir='ltr'>ποιήματος</span> <span class='ocrx_word' id='word_1_207' title='bbox 902 1925 1227 1968; x_wconf 89' lang='lat' dir='ltr'><strong>commentario</strong></span> <span class='ocrx_word' id='word_1_208' title='bbox 1266 1937 1358 1968; x_wconf 88' lang='lat' dir='ltr'><strong>non</strong></span> <span class='ocrx_word' id='word_1_209' title='bbox 1395 1937 1499 1967; x_wconf 88' lang='lat' dir='ltr'><strong>raro</strong></span> <span class='ocrx_word' id='word_1_210' title='bbox 1530 1924 1577 1967; x_wconf 91' lang='lat' dir='ltr'><strong>in</strong></span> <span class='ocrx_word' id='word_1_211' title='bbox 1607 1924 1769 1968; x_wconf 85' lang='lat' dir='ltr'><strong>fabulis</strong></span> 
     </span>
     <span class='ocr_line' id='line_1_26' title="bbox 211 1992 1770 2049; baseline -0.001 -12"><span class='ocrx_word' id='word_1_212' title='bbox 211 1992 495 2049; x_wconf 62' lang='lat' dir='ltr'><strong>myleis,</strong></span> <span class='ocrx_word' id='word_1_213' title='bbox 546 1993 828 2048; x_wconf 87' lang='lat' dir='ltr'><strong>Sophocleis,</strong></span> <span class='ocrx_word' id='word_1_214' title='bbox 879 1993 1132 2048; x_wconf 84' lang='lat' dir='ltr'><strong>Euripideis</strong></span> <span class='ocrx_word' id='word_1_215' title='bbox 1178 1993 1541 2048; x_wconf 83' lang='lat' dir='ltr'><strong>interpretandis.</strong></span> <span class='ocrx_word' id='word_1_216' title='bbox 1614 1993 1679 2036; x_wconf 88' lang='lat' dir='ltr'><strong>Ne</strong></span> <span class='ocrx_word' id='word_1_217' title='bbox 1723 1994 1770 2036; x_wconf 89' lang='lat' dir='ltr'><strong>in</strong></span> 
     </span>
     <span class='ocr_line' id='line_1_27' title="bbox 213 2061 1771 2118; baseline -0.001 -11"><span class='ocrx_word' id='word_1_218' title='bbox 213 2062 447 2118; x_wconf 58' lang='lat' dir='ltr'><strong>mum</strong></span> <span class='ocrx_word' id='word_1_219' title='bbox 489 2061 609 2105; x_wconf 89' lang='lat' dir='ltr'><strong>illius</strong></span> <span class='ocrx_word' id='word_1_220' title='bbox 660 2062 927 2106; x_wconf 88' lang='lat' dir='ltr'><strong>auctoritate</strong></span> <span class='ocrx_word' id='word_1_221' title='bbox 970 2062 1028 2105; x_wconf 87' lang='lat' dir='ltr'><strong>ad</strong></span> <span class='ocrx_word' id='word_1_222' title='bbox 1073 2062 1354 2106; x_wconf 86' lang='lat' dir='ltr'><strong>coniecturas</strong></span> <span class='ocrx_word' id='word_1_223' title='bbox 1400 2061 1646 2105; x_wconf 82' lang='lat' dir='ltr'><strong>fulciendas</strong></span> <span class='ocrx_word' id='word_1_224' title='bbox 1692 2063 1771 2105; x_wconf 82' lang='lat' dir='ltr'><strong>ab·</strong></span> 
     </span>
     <span class='ocr_line' id='line_1_28' title="bbox 216 2130 1770 2186; baseline -0.001 -11"><span class='ocrx_word' id='word_1_225' title='bbox 216 2132 462 2183; x_wconf 60' lang='lat' dir='ltr'><strong>uwrenmr,</strong></span> <span class='ocrx_word' id='word_1_226' title='bbox 491 2130 710 2186; x_wconf 78' lang='lat' dir='ltr'><strong>exscripsi</strong></span> <span class='ocrx_word' id='word_1_227' title='bbox 743 2131 844 2174; x_wconf 90' lang='lat' dir='ltr'><strong>illos</strong></span> <span class='ocrx_word' id='word_1_228' title='bbox 876 2131 1001 2174; x_wconf 86' lang='lat' dir='ltr'><strong>locos</strong></span> <span class='ocrx_word' id='word_1_229' title='bbox 1033 2131 1231 2186; x_wconf 76' lang='lat' dir='ltr'><strong>integros</strong></span> <span class='ocrx_word' id='word_1_230' title='bbox 1269 2131 1317 2173; x_wconf 91' lang='lat' dir='ltr'><strong>in</strong></span> <span class='ocrx_word' id='word_1_231' title='bbox 1347 2131 1770 2174; x_wconf 87' lang='lat' dir='ltr'><strong>commentariorum</strong></span> 
     </span>
    </p>
   </div>
   <div class='ocr_carea' id='block_1_17' title="bbox 215 2196 428 2244">
    <p class='ocr_par' dir='ltr' id='par_1_17' title="bbox 215 2196 428 2244">
     <span class='ocr_line' id='line_1_29' title="bbox 215 2196 428 2244; baseline -0.009 1"><span class='ocrx_word' id='word_1_232' title='bbox 215 2196 428 2244; x_wconf 73' lang='lat' dir='ltr'><strong>editione.</strong></span> 
     </span>
    </p>
   </div>
   <div class='ocr_carea' id='block_1_18' title="bbox 332 2313 1771 2556">
    <p class='ocr_par' dir='ltr' id='par_1_18' title="bbox 332 2313 1771 2556">
     <span class='ocr_line' id='line_1_30' title="bbox 942 2313 1039 2371; baseline 0.01 -13"><span class='ocrx_word' id='word_1_233' title='bbox 942 2313 969 2371; x_wconf 67' lang='lat' dir='ltr'>fl</span> <span class='ocrx_word' id='word_1_234' title='bbox 997 2314 1039 2359; x_wconf 87' lang='lat'><strong>3.</strong></span> 
     </span>
     <span class='ocr_line' id='line_1_31' title="bbox 671 2405 1305 2452; baseline 0 0"><span class='ocrx_word' id='word_1_235' title='bbox 671 2405 731 2452; x_wconf 77' lang='lat' dir='ltr'><strong>Do</strong></span> <span class='ocrx_word' id='word_1_236' title='bbox 758 2406 1045 2451; x_wconf 62' lang='lat' dir='ltr'><strong>nomentan</strong></span> <span class='ocrx_word' id='word_1_237' title='bbox 1072 2405 1094 2450; x_wconf 92' lang='lat'>1</span> <span class='ocrx_word' id='word_1_238' title='bbox 1120 2407 1305 2452; x_wconf 66' lang='lat' dir='ltr'><strong>actore.</strong></span> 
     </span>
     <span class='ocr_line' id='line_1_32' title="bbox 332 2498 1771 2556; baseline -0.001 -13"><span class='ocrx_word' id='word_1_239' title='bbox 332 2498 399 2543; x_wconf 83' lang='lat' dir='ltr'><strong>De</strong></span> <span class='ocrx_word' id='word_1_240' title='bbox 412 2498 582 2543; x_wconf 85' lang='lat' dir='ltr'><strong>Pauwii</strong></span> <span class='ocrx_word' id='word_1_241' title='bbox 599 2499 824 2543; x_wconf 85' lang='lat' dir='ltr'><strong>sententia</strong></span> <span class='ocrx_word' id='word_1_242' title='bbox 839 2512 975 2556; x_wconf 86' lang='lat' dir='ltr'><strong>supra</strong></span> <span class='ocrx_word' id='word_1_243' title='bbox 992 2513 1036 2555; x_wconf 91' lang='lat' dir='ltr'><strong>p.</strong></span> <span class='ocrx_word' id='word_1_244' title='bbox 1055 2500 1108 2542; x_wconf 88' lang='lat'><strong>15</strong></span> <span class='ocrx_word' id='word_1_245' title='bbox 1123 2499 1388 2543; x_wconf 84' lang='lat' dir='ltr'><strong>adumbrata</strong></span> <span class='ocrx_word' id='word_1_246' title='bbox 1401 2498 1603 2554; x_wconf 88' lang='lat' dir='ltr'><strong>pluribus</strong></span> <span class='ocrx_word' id='word_1_247' title='bbox 1619 2499 1771 2555; x_wconf 88' lang='lat' dir='ltr'><strong>dispu-</strong></span> 
     </span>
    </p>
   </div>
   <div class='ocr_carea' id='block_1_19' title="bbox 215 2567 1768 2696">
    <p class='ocr_par' dir='ltr' id='par_1_19' title="bbox 215 2567 1768 2696">
     <span class='ocr_line' id='line_1_33' title="bbox 218 2567 1768 2625; baseline -0.002 -11"><span class='ocrx_word' id='word_1_248' title='bbox 218 2570 317 2614; x_wconf 72' lang='lat' dir='ltr'><strong>me</strong></span> <span class='ocrx_word' id='word_1_249' title='bbox 337 2581 502 2624; x_wconf 86' lang='lat' dir='ltr'><strong>operae</strong></span> <span class='ocrx_word' id='word_1_250' title='bbox 514 2567 707 2623; x_wconf 88' lang='lat' dir='ltr'><strong>pretium</strong></span> <span class='ocrx_word' id='word_1_251' title='bbox 731 2581 824 2612; x_wconf 90' lang='lat' dir='ltr'><strong>non</strong></span> <span class='ocrx_word' id='word_1_252' title='bbox 844 2571 927 2622; x_wconf 89' lang='lat' dir='ltr'><strong>est,</strong></span> <span class='ocrx_word' id='word_1_253' title='bbox 940 2571 1073 2625; x_wconf 87' lang='lat' dir='ltr'><strong>atque</strong></span> <span class='ocrx_word' id='word_1_254' title='bbox 1087 2568 1222 2612; x_wconf 88' lang='lat' dir='ltr'><strong>etiam</strong></span> <span class='ocrx_word' id='word_1_255' title='bbox 1237 2567 1551 2620; x_wconf 81' lang='lat' dir='ltr'><strong>Gaisfordium,</strong></span> <span class='ocrx_word' id='word_1_256' title='bbox 1572 2582 1672 2611; x_wconf 90' lang='lat' dir='ltr'><strong>cum</strong></span> <span class='ocrx_word' id='word_1_257' title='bbox 1689 2569 1716 2611; x_wconf 93' lang='lat' dir='ltr'><strong>l.</strong></span> <span class='ocrx_word' id='word_1_258' title='bbox 1732 2582 1768 2612; x_wconf 90' lang='lat' dir='ltr'><strong>c.</strong></span> 
     </span>
     <span class='ocr_line' id='line_1_34' title="bbox 215 2635 1767 2696; baseline -0.001 -14"><span class='ocrx_word' id='word_1_259' title='bbox 215 2636 365 2696; x_wconf 47' lang='lat'><strong>2114</strong></span> <span class='ocrx_word' id='word_1_260' title='bbox 386 2635 490 2681; x_wconf 88' lang='lat' dir='ltr'><strong>adn.</strong></span> <span class='ocrx_word' id='word_1_261' title='bbox 522 2636 720 2693; x_wconf 87' lang='lat' dir='ltr'><strong>priorem</strong></span> <span class='ocrx_word' id='word_1_262' title='bbox 750 2636 1120 2682; x_wconf 86' lang='lat' dir='ltr'><strong>commentarium</strong></span> <span class='ocrx_word' id='word_1_263' title='bbox 1151 2639 1293 2681; x_wconf 88' lang='lat' dir='ltr'><strong>totum</strong></span> <span class='ocrx_word' id='word_1_264' title='bbox 1323 2651 1351 2681; x_wconf 87' lang='lat' dir='ltr'><strong>a</strong></span> <span class='ocrx_word' id='word_1_265' title='bbox 1380 2636 1545 2680; x_wconf 88' lang='lat' dir='ltr'><strong>stolido</strong></span> <span class='ocrx_word' id='word_1_266' title='bbox 1574 2637 1767 2694; x_wconf 88' lang='lat' dir='ltr'><strong>quodam</strong></span> 
     </span>
    </p>
   </div>
   <div class='ocr_carea' id='block_1_20' title="bbox 127 2705 1770 2832">
    <p class='ocr_par' dir='ltr' id='par_1_20' title="bbox 103 2701 1770 2832">
     <span class='ocr_line' id='line_1_35' title="bbox 215 2705 1770 2762; baseline -0.001 -12.134"><span class='ocrx_word' id='word_1_267' title='bbox 215 2705 540 2762; x_wconf 75' lang='lat' dir='ltr'><strong>interpolatore</strong></span> <span class='ocrx_word' id='word_1_268' title='bbox 554 2720 607 2749; x_wconf 86' lang='lat' dir='ltr'><strong>ex</strong></span> <span class='ocrx_word' id='word_1_269' title='bbox 621 2706 764 2750; x_wconf 87' lang='lat' dir='ltr'><strong>altero</strong></span> <span class='ocrx_word' id='word_1_270' title='bbox 780 2709 1037 2762; x_wconf 84' lang='lat' dir='ltr'><strong>excerptum</strong></span> <span class='ocrx_word' id='word_1_271' title='bbox 1054 2720 1155 2750; x_wconf 88' lang='lat' dir='ltr'><strong>esse</strong></span> <span class='ocrx_word' id='word_1_272' title='bbox 1171 2709 1386 2759; x_wconf 89' lang='lat' dir='ltr'><strong>censeret,</strong></span> <span class='ocrx_word' id='word_1_273' title='bbox 1401 2719 1636 2761; x_wconf 83' lang='lat' dir='ltr'><strong>perperam</strong></span> <span class='ocrx_word' id='word_1_274' title='bbox 1660 2705 1770 2749; x_wconf 86' lang='lat' dir='ltr'><strong>iudi-</strong></span> 
     </span>
     <span class='ocr_line' id='line_1_36' title="bbox 127 2770 1770 2832; baseline -0.001 -12"><span class='ocrx_word' id='word_1_275' title='bbox 127 2770 132 2773; x_wconf 45' lang='lat'><em>*</em></span> <span class='ocrx_word' id='word_1_276' title='bbox 216 2787 346 2820; x_wconf 72' lang='lat' dir='ltr'><strong>casse</strong></span> <span class='ocrx_word' id='word_1_277' title='bbox 363 2770 470 2832; x_wconf 83' lang='lat' dir='ltr'><strong>post</strong></span> <span class='ocrx_word' id='word_1_278' title='bbox 484 2776 671 2830; x_wconf 80' lang='lat' dir='ltr'><strong>Augusti</strong></span> <span class='ocrx_word' id='word_1_279' title='bbox 688 2774 1000 2831; x_wconf 86' lang='lat' dir='ltr'><strong>Rossbachii¹)</strong></span> <span class='ocrx_word' id='word_1_280' title='bbox 1021 2789 1151 2820; x_wconf 89' lang='lat' dir='ltr'><strong>curas</strong></span> <span class='ocrx_word' id='word_1_281' title='bbox 1168 2775 1350 2831; x_wconf 86' lang='lat' dir='ltr'><strong>copiose</strong></span> <span class='ocrx_word' id='word_1_282' title='bbox 1370 2775 1594 2831; x_wconf 86' lang='lat' dir='ltr'><strong>explicare</strong></span> <span class='ocrx_word' id='word_1_283' title='bbox 1616 2789 1770 2831; x_wconf 85' lang='lat' dir='ltr'><strong>super-</strong></span> 
     </span>
    </p>
   </div>
   <div class='ocr_carea' id='block_1_21' title="bbox 0 2111 147 3438">
    <p class='ocr_par' dir='ltr' id='par_1_21' title="bbox 0 2111 147 3438">
     <span class='ocr_line' id='line_1_37' title="bbox 0 2111 147 3438; baseline 0 0"><span class='ocrx_word' id='word_1_284' title='bbox 0 2111 147 3438; x_wconf 95' lang='lat' dir='ltr'><strong> </strong></span> 
     </span>
    </p>
   </div>
   <div class='ocr_carea' id='block_1_22' title="bbox 218 2892 486 2903">
    <p class='ocr_par' dir='ltr' id='par_1_22' title="bbox 218 2892 486 2903">
     <span class='ocr_line' id='line_1_38' title="bbox 218 2892 486 2903; baseline 0 535"><span class='ocrx_word' id='word_1_285' title='bbox 218 2892 486 2903; x_wconf 95' lang='lat' dir='ltr'><strong> </strong></span> 
     </span>
    </p>
   </div>
   <div class='ocr_carea' id='block_1_23' title="bbox 218 2970 1770 3078">
    <p class='ocr_par' dir='ltr' id='par_1_23' title="bbox 218 2970 1770 3078">
     <span class='ocr_line' id='line_1_39' title="bbox 336 2970 1770 3020; baseline 0.001 -11"><span class='ocrx_word' id='word_1_286' title='bbox 336 2970 365 3019; x_wconf 66' lang='grc' dir='ltr'><strong>Ι)</strong></span> <span class='ocrx_word' id='word_1_287' title='bbox 387 2973 443 3010; x_wconf 83' lang='lat' dir='ltr'><strong>De</strong></span> <span class='ocrx_word' id='word_1_288' title='bbox 478 2972 766 3019; x_wconf 74' lang='lat' dir='ltr'><strong>Hephaestionis</strong></span> <span class='ocrx_word' id='word_1_289' title='bbox 802 2973 1038 3010; x_wconf 77' lang='lat' dir='ltr'><strong>Alexandrini</strong></span> <span class='ocrx_word' id='word_1_290' title='bbox 1079 2971 1183 3009; x_wconf 73' lang='lat' dir='ltr'><strong>libris</strong></span> <span class='ocrx_word' id='word_1_291' title='bbox 1219 2972 1380 3018; x_wconf 75' lang='lat' dir='ltr'><strong>(thisl.</strong></span> <span class='ocrx_word' id='word_1_292' title='bbox 1409 2974 1510 3018; x_wconf 76' lang='lat'>1857)</span> <span class='ocrx_word' id='word_1_293' title='bbox 1536 2985 1569 3020; x_wconf 88' lang='lat' dir='ltr'><strong>p.</strong></span> <span class='ocrx_word' id='word_1_294' title='bbox 1598 2973 1641 3009; x_wconf 80' lang='grc'><strong>14</strong></span> <span class='ocrx_word' id='word_1_295' title='bbox 1670 2983 1770 3019; x_wconf 82' lang='lat' dir='ltr'><strong>sqq.:</strong></span> 
     </span>
     <span class='ocr_line' id='line_1_40' title="bbox 218 3029 992 3078; baseline -0.001 -10"><span class='ocrx_word' id='word_1_296' title='bbox 218 3029 264 3068; x_wconf 62' lang='lat' dir='ltr'><strong>d.</strong></span> <span class='ocrx_word' id='word_1_297' title='bbox 286 3031 399 3068; x_wconf 65' lang='lat' dir='ltr'><strong>diam</strong></span> <span class='ocrx_word' id='word_1_298' title='bbox 421 3031 616 3077; x_wconf 73' lang='lat' dir='ltr'><strong>westphtl</strong></span> <span class='ocrx_word' id='word_1_299' title='bbox 642 3030 767 3068; x_wconf 66' lang='lat' dir='ltr'><strong>neu-ik</strong></span> <span class='ocrx_word' id='word_1_300' title='bbox 796 3030 829 3068; x_wconf 74' lang='lat'><strong>1¹</strong></span> <span class='ocrx_word' id='word_1_301' title='bbox 854 3044 887 3078; x_wconf 88' lang='lat' dir='ltr'><strong>p.</strong></span> <span class='ocrx_word' id='word_1_302' title='bbox 918 3032 992 3067; x_wconf 84' lang='lat'><strong>187.</strong></span> 
     </span>
    </p>
   </div>
  </div>
 </body>
</html>
