2196 3438
935 315 993 360 95

186 450 620 513 undgrimomm
649 452 904 498 doctrinam
933 454 1146 497 referunt.
1213 454 1306 499 Sed
1341 467 1435 498 non
1471 454 1603 510 longe
1641 459 1746 511 post

184 519 527 573 manum,
557 522 683 565 cuius
714 522 877 566 librum
898 521 955 565 de
974 521 1131 565 metris
1151 535 1273 567 anno
1294 523 1388 567 fere
1410 524 1492 567 175
1510 537 1553 579 p.
1575 525 1679 567 Chr.
1701 538 1744 568 n.

186 588 493 645 mripmm
537 602 640 632 esse
677 589 931 634 Schultzius
976 589 1146 644 (Herm.
1186 590 1214 633 l.
1245 603 1283 634 c.
1312 604 1355 645 p.
1385 591 1488 646 279)
1523 603 1617 635 non
1648 592 1746 635 sine

66 634 70 635 ⁷
102 696 105 701 .
148 701 153 703 ,
185 657 507 715 militate
537 658 743 710 coniecit,
773 658 881 702 Iuba
907 658 1139 702 Heliodori
1179 661 1320 703 artem
1358 672 1567 704 sermone
1604 661 1744 704 latino

185 725 397 779 mi,
425 727 501 771 alii
531 727 644 771 alias
675 727 878 772 eiusdem
906 727 1139 771 doctrinae
1175 731 1295 772 artes
1333 729 1471 773 latine
1499 732 1741 774 verterunt.

183 793 468 842 mores
498 796 631 851 igitur
659 797 833 840 metrici
863 796 990 841 latini
1025 797 1191 852 partim
1226 800 1460 853 utramque
1490 798 1744 842 doctrinam

184 863 484 910 mearunt
527 866 731 921 quamvis
775 865 965 908 diversis
1009 866 1079 908 usi
1126 865 1375 910 rationibus
1419 867 1540 910 velut
1581 867 1744 911 Atilius

188 935 241 980 d
257 933 520 980 --Dionedes
562 934 632 978 vel
678 947 833 977 eorum
884 937 1092 977 auctores
1137 938 1182 977 et
1225 935 1531 990 Aphthonius,
1580 936 1743 991 partim

183 1001 308 1050 ”ht
334 1002 508 1048 Plotius
537 1002 775 1055 Sacerdos,
802 1002 977 1046 Mallius
1006 1003 1288 1054 Theodorus,
1319 1004 1500 1047 Servius
1530 1004 1597 1058 (in
1626 1005 1742 1048 libro

186 1070 471 1125 omnmo)
505 1074 626 1114 totos
656 1075 902 1115 metrorum
937 1072 1224 1127 physicorum
1260 1072 1493 1116 doctrinae
1528 1085 1629 1116 sese
1666 1073 1743 1116 de-

198 1220 202 1231 ¹
252 1207 433 1254 lubae
460 1209 631 1253 fontem
660 1210 922 1264 primarium
959 1210 1099 1253 fuisse
1136 1209 1367 1253 Heliodori
1398 1210 1538 1254 libros
1567 1212 1742 1266 praeci-

181 1288 273 1335 μ
295 1279 485 1333 propter
519 1277 737 1322 Victorini
773 1279 910 1322 verba
946 1292 989 1334 p.
1018 1279 1088 1330 94,
1117 1279 1146 1321 6
1175 1292 1242 1334 sq.
1281 1279 1424 1331 „Iuba
1457 1282 1696 1323 noster..
1730 1313 1741 1323 .

182 1344 405 1395 hidem
420 1346 653 1391 Heliodori
682 1348 910 1402 vestigiis“
935 1360 1094 1391 omnes
1123 1347 1424 1399 consentiunt,
1446 1348 1527 1391 sed
1545 1348 1740 1392 Hensius

182 1413 315 1463 minu
333 1414 475 1460 libros
503 1416 637 1459 Iubae
667 1417 715 1459 in
744 1420 990 1461 metrorum
1011 1417 1298 1472 physicorum
1320 1416 1526 1459 doctrina
1554 1441 1610 1447 —
1638 1430 1741 1472 per-

181 1497 341 1540 per-m
376 1485 498 1528 enim
527 1499 555 1529 a
592 1485 700 1529 Iuba
734 1486 921 1529 alteram
958 1499 1134 1541 quoque
1173 1485 1423 1528 doctrinam
1469 1485 1740 1541 descriptam

182 1551 325 1599 hisne
352 1555 529 1599 censuit
557 1578 612 1586 -
641 1568 724 1609 pro
754 1555 887 1598 unico
918 1555 1043 1598 fonte
1074 1554 1213 1597 fuisse
1243 1554 1472 1597 contendit
1509 1557 1656 1610 atque,
1692 1558 1741 1598 ut

182 1621 274 1669 fllia
301 1623 521 1675 omittam,
558 1624 907 1678 Hephaestionis
945 1624 1086 1667 libros
1124 1637 1151 1666 a
1187 1624 1294 1667 Iuba
1333 1623 1562 1666 consultos
1602 1623 1740 1667 fuisse

182 1690 437 1749 mete
479 1693 658 1747 negavit
701 1693 776 1747 (de
819 1693 925 1736 luba
967 1706 1011 1748 p.
1048 1693 1106 1735 48
1136 1693 1264 1747 sqq.).
1330 1691 1462 1743 Quod
1499 1705 1657 1735 vereor
1692 1695 1741 1735 ut

179 1759 279 1807 he
297 1760 467 1808 lecerit.
515 1762 759 1817 Longinus,
790 1775 893 1806 cum
911 1761 1260 1816 Hephaestionis
1281 1761 1579 1804 enchiridium
1602 1761 1740 1804 inter-

179 1833 453 1887 metm,
482 1832 590 1874 ‘non
632 1831 779 1886 potuit
822 1844 916 1874 non
961 1830 1139 1885 saepius
1182 1832 1423 1885 praecepta
1465 1829 1736 1873 Heliodorea

180 1897 368 1946 *bret
396 1899 472 1944 vix
500 1900 623 1944 credi
651 1903 804 1955 potest
839 1900 1014 1952 Iubam,
1054 1900 1130 1955 qui
1165 1899 1321 1954 procul
1358 1899 1495 1942 dubio
1532 1899 1739 1954 Hephae·

181 1965 332 2013 m
372 1969 598 2013 recentior
641 1969 736 2021 fuit,
781 1969 958 2012 etiamsi
1002 1969 1050 2012 in
1098 1968 1358 2012 un1versum
1402 1967 1461 2011 ad
1504 1967 1738 2011 Heliodori

181 2034 435 2081 dominam
463 2051 566 2082 sese
594 2037 861 2093 applicaret,
899 2051 992 2081 non
1030 2037 1254 2081 interdum
1284 2036 1579 2080 admiscuisse
1607 2050 1738 2092 prae-

182 2107 313 2162 apta
339 2105 724 2162 Hephaestionea,
762 2120 887 2159 cum,
924 2106 1044 2162 quod
1079 2107 1260 2162 quidem
1291 2118 1564 2160 cognoscere
1593 2105 1739 2156 liceat,

183 2186 279 2220 non
306 2174 348 2220 is
378 2178 514 2228 esset,
544 2176 620 2231 qui
656 2188 794 2220 unum
835 2175 1101 2231 scriptorem
1137 2175 1195 2218 ad
1231 2175 1416 2218 verbum
1452 2174 1739 2226 exscriberet,

181 2243 265 2289 sed
307 2244 383 2300 qui
428 2247 473 2288 et
517 2245 700 2300 optimis
744 2257 857 2299 quos
903 2244 1181 2288 existimaret
1224 2243 1424 2287 fontibus
1468 2246 1514 2286 et
1554 2243 1738 2298 proprio

181 2312 347 2357 iudicio
374 2326 485 2357 usus
514 2314 772 2357 universam
810 2326 905 2357 rem
941 2314 1174 2356 metricam
1210 2312 1414 2367 pluribus
1450 2312 1619 2367 libris¹)
1662 2325 1739 2355 ex-

178 2384 383 2439 poneret.
440 2382 594 2439 Neque
623 2382 778 2426 debuit
805 2381 1014 2434 Hensius,
1045 2381 1188 2425 sicubi
1216 2381 1466 2436 Aphthonii
1499 2383 1739 2436 praecepta

179 2451 241 2496 ad
274 2452 460 2496 verbum
499 2465 555 2496 ex
591 2451 774 2495 scholiis
811 2451 1188 2506 Hephaestioneis
1233 2451 1452 2495 translata
1496 2462 1597 2493 esse
1640 2449 1738 2492 ani·

179 2520 472 2577 madvertit¹)‚
502 2521 562 2564 ob
592 2532 691 2564 eam
720 2520 899 2564 unicam
930 2532 1111 2563 causam
1143 2532 1318 2563 sumere
1354 2518 1443 2563 illis
1475 2518 1521 2562 in
1552 2517 1738 2561 scholiis

180 2589 332 2635 inesse
360 2589 592 2634 Heliodori
616 2590 764 2633 verba.
816 2588 927 2632 Nam
953 2589 1147 2643 primum
1173 2601 1201 2631 a
1229 2587 1485 2632 scholiastis
1506 2586 1736 2631 consultos

181 2671 283 2703 esse
311 2659 453 2715 ipsius
484 2658 832 2714 Hephaestionis
877 2657 1018 2701 libros
1063 2656 1304 2712 ampliores
1341 2670 1421 2711 per
1459 2668 1508 2699 se
1546 2667 1737 2699 consen-

178 2729 362 2772 taneum
406 2731 488 2771 est.
562 2728 800 2771 Praeterea
845 2739 945 2769 cum
988 2726 1263 2769 Philoxenus
1313 2724 1736 2780 proceleumaticum

180 2794 300 2840 inter
326 2795 593 2852 principalia
622 2798 765 2839 metra
796 2794 1033 2850 recepisse,
1064 2794 1346 2846 Heliodorus,
1376 2793 1595 2848 paeonico
1618 2793 1737 2836 inter

300 2958 326 3004 ¹)
346 2957 537 2997 Excitatus·
560 2957 655 2995 liber
679 2960 832 2993 octavus
856 2956 956 3002 apud
979 2954 1156 2992 Priscian.
1181 2954 1241 2992 01.
1266 2954 1314 2991 nl
1340 2966 1375 3001 p.
1399 2954 1478 2994 420,
1502 2954 1558 2991 u.

294 3015 325 3062 ')
347 3015 473 3053 nen-e
498 3017 544 3053 de
568 3015 658 3053 Iuba
683 3026 717 3061 p.
741 3014 797 3051 47.
822 3014 879 3051 52.
904 3014 949 3051 57
974 3024 1030 3061 sq.
1058 3014 1134 3050 1¹5.
