2196 3438
1217 273 1243 313 8

571 412 687 467 Ergo
719 412 803 454 hoc
836 424 973 453 unum
1004 410 1178 454 duobus
1210 410 1299 453 illis
1331 410 1443 454 locis
1474 410 1664 455 efficitur
1700 411 1829 467 plura
1858 411 2010 456 inesse

379 522 386 528 .
456 480 628 524 scholia
668 481 713 523 in
752 494 773 522 c
803 482 846 522 et
879 478 922 521 P
954 492 1087 534 quam
1119 479 1166 522 in
1195 477 1248 532 A,
1288 492 1477 535 quorum
1509 478 1564 523 de
1599 479 1772 535 origine
1808 482 1904 525 tum
1932 479 2012 526 de·

458 564 579 592 mum
612 553 730 592 recte
763 548 1044 599 iudicabitur,
1078 561 1176 592 cum
1208 562 1321 604 quae
1352 548 1539 591 omnino
1571 547 1620 592 in
1648 561 1671 591 c
1701 552 1744 593 et
1771 547 1819 592 P
1843 548 2013 606 scripta

458 618 550 662 sint
585 617 756 661 scholia
796 616 1009 660 certiores
1041 617 1145 660 facti
1189 616 1370 661 erimus.
1431 617 1653 673 Equidem
1681 617 1885 663 codicum
1903 616 2018 663 001>

457 687 719 731 memoriam
751 687 806 729 ab
838 689 1055 741 apparatu
1077 685 1232 730 critico
1255 686 1596 730 commentariis
1618 686 1821 732 subiecto
1842 687 2013 732 removi

459 759 646 811 excepta
677 755 751 798 illa
781 755 1001 810 particula
1031 768 1144 811 quae
1175 755 1223 799 in
1252 754 1293 798 A
1324 755 1432 800 solio
1464 755 1699 811 deperdito
1730 755 1912 802 interiit.

573 825 731 869 Obiter
761 838 923 868 moneo
955 838 1192 880 perperam
1224 825 1391 869 codicis
1425 823 1464 868 C
1488 825 1753 870 memoriam
1780 825 2014 883 amplexos

461 908 562 938 csse
583 893 885 937 Gaisfordium
908 897 1040 950 atque
1058 894 1389 950 Westphalium
1417 910 1461 951 p.
1493 895 1562 947 71,
1589 895 1641 938 18
1662 894 1712 938 G.
1742 894 1831 949 (38,
1857 894 1909 939 12
1927 894 2016 951 W)

462 961 518 1014 ώς
575 960 671 1019 παρ’
712 961 930 1020 Ἀλκμᾶνι,
977 976 1077 1007 cum
1123 962 1168 1006 in
1220 962 1366 1006 ΛΡΜ
1408 964 1578 1018 legatur
1629 958 1771 1020 ὥσπερ
1808 957 2018 1021 ’Alam

463 1032 650 1075 Accedit
680 1031 800 1087 quod
829 1045 872 1087 p.
905 1032 972 1084 72,
1007 1032 1024 1074 1
1060 1032 1251 1087 (38,16)
1282 1031 1328 1075 in
1359 1031 1568 1076 omnibus
1600 1031 1831 1076 codicibus
1858 1031 2020 1088 legit&

464 1100 637 1158 Σαπφοῖ
671 1101 730 1157 δὲ,
770 1103 958 1156 excepto
1003 1098 1060 1153 D,
1107 1101 1163 1144 de
1209 1115 1297 1157 quo
1346 1100 1447 1144 vide
1495 1100 1798 1146 Gaisfordium
1845 1114 1889 1157 p.
1932 1093 2021 1156 m

466 1170 740 1214 Vocabulum
771 1167 911 1226 ὥσπερ
952 1169 1218 1225 saepissime
1257 1171 1303 1213 in
1340 1169 1590 1214 enchiridio
1616 1169 1816 1214 similem
1845 1169 1894 1214 in
1923 1181 2023 1216 mo·

467 1238 573 1282 dum
603 1241 857 1294 usurpatur,
896 1242 1029 1294 atque
1068 1253 1198 1283 casus
1238 1239 1412 1283 dativus
1458 1239 1690 1284 absolutus
1734 1238 2022 1289 confirmatur

465 1308 613 1352 verbis
658 1322 700 1363 p.
746 1309 815 1361 54,
859 1309 885 1350 2
932 1308 983 1351 G.
1028 1308 1115 1362 (29,
1164 1309 1215 1351 18
1260 1309 1347 1363 W.)
1391 1306 1624 1364 γὲγρατηαι
1667 1308 1715 1351 δὲ
1756 1308 1833 1352 καὶ
1856 1306 2019 1353 Καλλι-

465 1376 644 1435 μάχῳ-1)

579 1445 869 1490 Grammatici
915 1445 1271 1489 additamentum
1316 1446 1361 1488 in
1403 1444 1442 1488 Ο
1474 1448 1579 1490 sunt
1615 1446 1754 1490 verba
1789 1444 1948 1504 μᾶλλον
1976 1444 2025 1491 a

467 1514 631 1573 μακράς
674 1530 717 1571 p.
767 1516 832 1568 15,
877 1516 903 1559 2
949 1514 999 1558 G.
1045 1515 1112 1569 (8,
1153 1515 1204 1558 19
1251 1514 1351 1570 W.),
1397 1529 1510 1571 quae
1555 1515 1602 1558 in
1646 1514 1694 1558 P
1731 1515 1780 1560 in
1820 1515 2025 1574 margine

469 1588 650 1629 exarata
680 1588 798 1629 sunt.

582 1654 648 1697 Ea
686 1667 819 1710 quam
859 1653 1056 1698 secundo
1096 1653 1197 1696 loco
1234 1653 1367 1707 posui
1403 1653 1610 1697 codicum
1648 1652 1818 1696 familia
1853 1665 1908 1696 eo
1942 1666 2024 1708 po-

469 1723 692 1767 tissimum
709 1723 903 1779 aliquem
919 1736 1154 1766 numerum
1170 1721 1357 1775 obtinet,
1374 1722 1494 1778 quod
1509 1723 1697 1766 alteram
1713 1721 2026 1767 scholioruma

471 1793 783 1837 recensionem
814 1791 1029 1845 continet,
1060 1805 1187 1847 quae,
1219 1805 1487 1847 quamquam
1519 1792 1654 1836 etiam
1682 1790 1902 1836 Manuelis
1930 1790 2025 1835 Μο-

474 1862 679 1917 schopuli
710 1860 918 1905 doctrina
949 1859 1184 1916 inquinata
1213 1863 1283 1903 est
1312 1861 1372 1915 (p.
1406 1860 1476 1914 99,
1498 1862 1554 1903 30
1573 1860 1716 1916 W.)²),
1746 1863 1896 1906 tamen
1926 1873 2026 1904 eam

474 1945 587 1987 quae
631 1930 679 1974 in
722 1928 852 1982 AKQ
895 1929 1057 1985 legitur
1102 1929 1377 1972 scholiorum
1408 1929 1720 1973 recensionem
1749 1929 1922 1973 ambitu
1957 1932 2026 1973 at·

473 2014 557 2055 que
604 1999 858 2055 integritate
910 2000 1104 2054 superat.
1174 1997 1362 2041 Etiamsi
1408 1998 1528 2041 enim
1574 1999 1695 2042 haud
1740 1998 1903 2043 iniuria
1945 1998 2027 2043 du-

473 2069 685 2112 bitaveris
732 2082 790 2111 an
836 2081 889 2111 ea
934 2068 1125 2120 scholia,
1165 2081 1277 2122 quae
1316 2068 1594 2111 recensionis
1625 2066 1669 2110 B
1702 2067 1886 2123 propria
1923 2070 2029 2112 sunt

475 2139 593 2181 intra
632 2151 685 2181 ea
723 2137 883 2193 capita,
922 2137 1082 2192 quibus
1125 2136 1261 2180 etiam
1299 2137 1346 2179 in
1376 2135 1425 2179 X
1450 2137 1623 2181 scholia
1651 2137 1880 2193 adscripta
1909 2139 2028 2190 sunt,

475 2223 501 2250 a
532 2207 790 2262 Byzantinis
822 2207 1001 2250 demum
1031 2205 1336 2261 grammaticis
1369 2206 1589 2261 originem
1620 2207 1844 2259 duxerint,
1874 2205 2030 2262 negari

477 2277 630 2331 nequit
670 2277 716 2318 in
754 2276 1006 2331 posteriore
1047 2275 1322 2318 scholiorum
1358 2278 1499 2330 parte,
1540 2289 1653 2331 quae
1693 2275 1740 2318 in
1770 2274 1820 2318 X
1843 2275 2029 2320 omnino

477 2346 647 2389 omissa
691 2347 772 2397 est,
818 2357 910 2387 non
950 2358 1093 2399 pauca
1130 2344 1188 2387 ad
1219 2344 1415 2399 optimos
1445 2358 1547 2388 esse
1578 2345 1832 2388 revocanda
1859 2344 2030 2395 foutes;

479 2416 532 2458 cf.
571 2414 959 2458 Hoerschelmann
1001 2413 1077 2456 GA
1113 2426 1157 2468 p.
1199 2413 1438 2456 597—599.
1497 2414 1643 2469 Atque
1682 2414 1818 2458 etiam
1846 2412 1894 2457 in
1923 2425 2031 2456 con—

480 2487 603 2527 textu
647 2483 906 2534 verborum,
952 2495 1052 2525 cum
1091 2481 1223 2524 huius
1270 2482 1430 2525 classis
1475 2483 1741 2539 archetypus
1786 2480 1954 2526 codicis
1991 2479 2034 2524 A

480 2553 607 2608 quasi
639 2552 777 2594 frater
808 2550 952 2602 fuerit,
999 2553 1105 2593 sunt
1134 2550 1182 2593 in
1212 2548 1256 2592 B
1287 2551 1525 2604 nonnulla,
1564 2565 1677 2607 quae
1708 2565 1763 2595 ex
1793 2549 1962 2596 codicis
1991 2547 2032 2592 A

479 2622 626 2665 verbis
658 2619 916 2663 coniectura
947 2619 1139 2663 derivari
1170 2633 1263 2662 non
1295 2620 1539 2674 potuerint,
1571 2621 1691 2665 velut

593 2705 635 2745 p.
667 2691 706 2741 3,
737 2689 763 2731 6
791 2690 839 2732 G.
871 2689 928 2742 (4,
960 2691 986 2732 2
1019 2689 1104 2743 W.)
1150 2686 1261 2731 κατὰ
1299 2687 1421 2732 πέντε
1458 2688 1635 2746 τρόπους
1667 2686 1806 2740 MTu,
1850 2688 1925 2731 καὶ
1966 2684 2035 2731 ἀεὶ

482 2759 632 2817 ῥᾳδίως
661 2756 714 2809 A,
752 2758 806 2801 de
838 2771 925 2812 quo
955 2758 1056 2800 loco
1087 2757 1187 2800 vide
1219 2757 1500 2802 Studemund
1530 2760 1557 2802 1.
1590 2772 1627 2802 c.
1658 2772 1700 2813 p.
1735 2758 1830 2801 110.

601 2917 624 2962 ¹)
651 2918 695 2952 cs.
721 2917 831 2952 etiam
855 2911 1052 2953 Caesarem
1076 2918 1114 2953 in
1139 2918 1282 2953 emend.
1308 2918 1427 2964 Heph.
1452 2918 1468 2954 1
1493 2929 1527 2964 p.
1552 2916 1682 2954 XXIII.

600 2975 628 3020 ²)
655 2976 699 3010 cf.
725 2975 918 3021 Westphal
944 2975 1072 3011 Metrik
1096 2975 1130 3011 1²
1155 2987 1189 3021 p.
1219 2976 1295 3011 137.
