2196 3438
1235 298 1292 343 94
1369 360 1392 363 „.

483 443 719 492 dubitabit,
751 440 824 495 qui
857 452 956 482 cum
982 438 1196 482 Varronis
1228 437 1526 494 explicatione
1555 436 1881 492 comparaverit
1908 435 2040 481 Dion.

483 511 591 555 Thr.
612 524 655 566 p.
677 512 717 562 8,
737 511 766 553 4
794 509 868 562 (cf.
891 508 1031 551 schol.
1053 507 1081 550 l.
1103 520 1140 551 c.
1160 521 1203 562 p.
1225 507 1322 558 768,
1343 508 1398 550 22
1415 519 1512 562 sqq.
1534 508 1580 549 et
1599 505 1647 549 in
1661 506 1863 551 crameri
1883 505 1963 551 Ao
1984 505 2039 548 lv

483 595 524 635 p.
556 581 653 631 313,
674 580 703 622 4
724 592 820 633 sqq.
851 579 895 620 et
924 576 1042 631 apud
1066 576 1289 619 Sturzium
1312 579 1416 630 post
1441 575 1508 618 Et.
1533 574 1645 618 Gud.
1667 588 1710 629 p.
1733 574 1839 619 681·
1858 575 1890 619 4
1907 575 2038 631 sqq.).

484 649 549 692 Ex
581 649 779 691 Varrone
810 659 864 689 ea
893 646 950 688 ad
979 645 1255 701 posteriores
1293 644 1537 699 scriptores
1566 642 1750 686 Latinos
1779 642 2039 699 pervenit-²)

483 718 633 772 Neque
663 730 768 759 vero
801 716 1005 758 rhetores
1045 714 1203 758 Graeci
1240 727 1293 757 ea
1330 716 1509 764 carent,
1546 712 1620 767 qui
1659 714 1922 767 comparant
1955 709 2041 755 dif-

484 786 718 830 ferentiam
740 785 858 827 inter
878 781 1069 839 διήγησιν
1089 786 1132 825 et
1153 779 1340 839 διήγημα
1361 781 1734 832 intercedentem3
1754 779 1810 824 cf.
1830 779 2039 835 Hei-mog.

485 856 530 898 in
562 856 674 898 rhet.
705 867 769 908 gr.
800 852 886 906 (ed.
918 852 1130 907 Spengel)
1159 851 1246 894 vol.
1276 851 1312 894 11
1341 851 1382 903 4,
1402 852 1453 894 21
1490 864 1587 905 sqq.
1619 852 1664 893 et
1682 849 1912 904 Aphthon.
1931 848 2040 893 ibid.

485 925 519 967 ll
548 926 617 975 22,
648 925 674 966 2
706 936 801 978 sqq.
863 921 953 965 Sed
983 921 1119 964 etiam
1148 919 1325 975 gravius
1356 922 1439 972 est,
1478 919 1598 974 quod
1631 918 1751 974 apud
1778 916 2041 974 Dionysium

486 994 710 1036 Thracem
754 992 871 1034 inter
907 990 1032 1033 varia
1067 990 1301 1032 nominum
1338 1002 1504 1044 genera
1540 987 1819 1043 repperimus
1858 984 1906 1030 τὸ
1936 985 2044 1043 'md‘

484 1077 520 1105 τι
541 1062 640 1118 ἔχον
660 1065 720 1116 (p.
742 1061 810 1113 35,
831 1060 876 1115 3)
905 1062 949 1102 et
979 1057 1026 1101 τὸ
1047 1057 1353 1115 ἀπολελυμένον
1382 1059 1443 1113 (p.
1462 1058 1532 1110 44,
1553 1058 1612 1112 6).
1657 1057 1727 1100 Ad
1745 1056 2041 1112 posteriorem

490 1132 637 1174 locum
669 1132 841 1186 spectat
879 1129 1085 1172 scholion
1122 1128 1209 1171 hoc
1247 1128 1306 1182 (p.
1338 1127 1436 1179 879,
1470 1128 1517 1169 11
1553 1127 1692 1182 sqq.):
1736 1123 2043 1183 ἀπολελυμένον

486 1200 597 1243 ἐστὶν
634 1197 658 1241 δ
696 1197 865 1243 δύναται
901 1192 1004 1240 καθ’
1044 1196 1167 1239 ἑαυτὸ
1198 1195 1478 1252 θεωρεῖσθαι·
1505 1229 1515 1238 .
1537 1228 1547 1239 .
1570 1228 1580 1238 .
1611 1194 1675 1237 διὸ
1704 1195 1778 1237 καὶ
1805 1192 1830 1237 ὁ
1858 1191 2045 1251 alwith<

488 1268 798 1326 ἀπολελυμένον
841 1265 941 1310 αὐτὸ
980 1264 1159 1309 ἐκάλεσε
1196 1262 1388 1322 δηλονότι
1423 1268 1497 1321 ῆς
1532 1263 1634 1320 πρὸς
1663 1265 1804 1320 ἕτερον
1837 1262 2044 1321 oximen·

488 1338 561 1379 καὶ
589 1337 672 1393 γὰρ
703 1335 1010 1393 ἀπολελυμένον
1049 1335 1157 1378 ἐστὶν
1186 1332 1210 1377 ὃ
1247 1334 1305 1391 μὴ
1345 1331 1440 1390 μεθ’
1479 1332 1621 1389 ὲτέρου
1650 1338 1802 1376 νοεῖται
1828 1331 1970 1389 ὅπερ
1995 1332 2044 1376 τὸ

484 1405 762 1462 πρωτότυπον.
823 1406 914 1450 Sed
953 1406 1037 1448 hae
1076 1404 1328 1447 locutiones
1368 1417 1425 1446 ne
1462 1403 1510 1446 in
1545 1402 1837 1457 grammatica
1864 1400 2044 1458 quidem

485 1478 580 1518 arte
611 1478 786 1519 creatae
815 1474 1037 1517 videntur.
1098 1473 1379 1528 Quamquam
1418 1472 1714 1516 Steinthalius
1751 1471 1930 1526 (Gesch.
1965 1470 2046 1514 der

487 1544 940 1599 Sprachwissensch.,
972 1543 1119 1586 Berol.
1154 1542 1277 1594 1863,
1312 1556 1356 1596 p.
1386 1542 1467 1584 607
1501 1542 1617 1596 sqq.)
1653 1543 1796 1585 totam
1832 1540 1953 1584 hanc
1989 1538 2045 1583 de

490 1614 723 1657 nominum
752 1613 991 1668 generibus
1023 1611 1369 1667 explicationem
1393 1624 1420 1654 a
1438 1610 1653 1666 Dionysio
1673 1610 1869 1655 alienam
1886 1611 2046 1665 postea

487 1682 702 1726 infersam
733 1695 833 1725 esse
864 1682 1073 1736 opinatus
1113 1684 1194 1724 est.
1254 1680 1399 1733 Quam
1439 1680 1742 1723 coniecturam
1779 1678 1915 1723 nimis
1947 1677 2045 1721 lor·

486 1755 608 1794 tasse
640 1751 850 1794 subtilem
879 1750 1130 1793 accuratius
1169 1750 1426 1793 examinare
1464 1762 1577 1804 opus
1617 1761 1709 1792 non
1746 1750 1817 1792 est
1853 1750 1899 1791 et
1934 1759 2045 1803 quo-

487 1820 608 1863 niam
653 1820 711 1863 ad
756 1819 866 1863 satis
912 1818 1097 1874 antiqua
1140 1821 1346 1873 tempora
1384 1818 1530 1861 redire
1568 1818 1654 1860 hoe
1694 1819 1828 1872 caput
1853 1815 2045 1860 aliorum

491 1890 759 1944 scriptorum
795 1888 1068 1931 testimoniis
1105 1887 1323 1930 evincitur
1336 1886 1369 1943 ²)
1400 1890 1444 1930 et
1475 1885 1700 1942 quoniam,
1739 1883 1956 1941 quidquid
1988 1884 2045 1928 de

488 1959 572 2002 hac
603 1958 865 2014 quaestione
907 1957 1176 2010 iudicamus,
1221 1957 1259 1999 is
1306 1956 1380 2011 qui
1426 1957 1536 1999 haec
1582 1954 1776 2010 scripsit,
1816 1967 1917 1998 cum
1951 1966 2046 1997 non

494 2028 807 2083 grammaticas
854 2027 935 2070 sed
976 2027 1144 2082 logicas
1184 2026 1551 2070 ratiocinationes
1582 2027 1761 2068 secutus
1791 2023 1864 2076 sit,
1898 2022 2047 2079 philo-

495 2099 739 2153 sophorum
770 2097 950 2140 scholas
981 2096 1147 2140 adiisse
1175 2095 1402 2151 putandus
1433 2098 1515 2138 est.
1575 2094 1694 2146 Quin
1731 2093 1867 2136 etiam
1897 2091 2047 2136 Stein-

493 2168 660 2211 thalius
711 2180 811 2210 cum
861 2166 1112 2221 complures
1163 2165 1296 2208 huius
1356 2164 1515 2219 capitis
1564 2166 1715 2218 partes
1765 2162 1863 2205 sine
1910 2160 2046 2205 dubio

497 2236 820 2292 Peripateticos
843 2249 999 2290 sapere
1020 2234 1338 2290 perspexisset,
1367 2233 1626 2276 universum
1647 2233 1780 2287 caput
1798 2231 1961 2274 horum
1980 2229 2047 2272 di-

499 2306 714 2360 sciplinae
744 2304 973 2347 vindicare
1003 2317 1095 2347 non
1126 2302 1356 2346 dubitavit.
1407 2302 1524 2356 Ergo
1556 2315 1631 2344 eas
1662 2313 1838 2356 quoque
1867 2299 1924 2344 de
1951 2299 2048 2355 qui-

495 2376 579 2418 bus
600 2374 744 2429 agitur
765 2374 1014 2428 categorias
1034 2372 1343 2427 Peripateticis
1367 2371 1564 2414 tribuere
1594 2370 1753 2422 ausim,
1782 2369 2047 2425 praesertim

496 2457 595 2487 cum
627 2457 680 2486 ea
710 2443 758 2486 in
788 2456 875 2498 qua
904 2455 1118 2496 generum
1148 2442 1327 2484 illorum
1357 2440 1600 2484 discrimen
1621 2439 1820 2495 positum
1840 2441 1910 2482 est
1929 2439 2047 2482 cate-

492 2513 617 2568 goria
656 2512 971 2566 philosophica
1014 2510 1061 2552 τὸ
1104 2507 1206 2566 πρός
1243 2524 1280 2552 τι
1319 2509 1431 2565 ἔχον,
1470 2522 1583 2563 quae
1620 2508 1711 2551 iam
1738 2506 1971 2551 Aristoteli
1998 2507 2046 2550 in

491 2595 575 2623 usu
605 2584 714 2632 erat,
744 2583 849 2635 post
879 2582 1057 2634 recepta
1092 2578 1295 2621 videatur
1333 2591 1361 2620 a
1398 2577 1730 2632 Peripateticis,
1769 2589 1870 2620 cum
1905 2575 2046 2619 Stoici

494 2650 822 2705 distinguerent
850 2648 898 2691 τό
927 2662 1015 2699 πως
1045 2649 1144 2704 ἔχον
1174 2651 1219 2690 et
1247 2645 1294 2689 τὸ
1323 2644 1426 2702 πρός
1454 2646 1493 2689 τί
1520 2660 1607 2697 πως
1636 2646 1747 2703 ἔχον.

606 2718 891 2761 Metricorum
922 2718 1163 2760 latinorum
1193 2715 1468 2771 antiquiores
1498 2716 1619 2758 velut
1638 2715 1792 2766 Varro,
1820 2714 2048 2757 PS.·-Cen-

495 2787 688 2839 sorinus,
719 2787 903 2830 Caesius
934 2787 1117 2837 Bassus,
1149 2785 1448 2828 Terentianus
1483 2784 1660 2826 Maurus
1701 2783 1843 2826 solam
1880 2785 2046 2825 metro-

611 2895 638 2940 ¹)
663 2895 753 2930 Vict.
779 2906 814 2940 p.
838 2896 894 2935 56,
923 2895 1054 2930 18-21
1083 2904 1166 2930 eam
1190 2893 1301 2938 capiti
1326 2893 1372 2928 de
1397 2894 1608 2937 poematum
1634 2890 1828 2936 generibus
1848 2890 2046 2936 praemisit.

497 2953 652 2998 Collegit
674 2953 889 2988 Latinorum
914 2952 1126 2988 testimonia
1149 2950 1413 2987 Wilmannsius
1438 2950 1461 2985 l.
1486 2961 1516 2986 c.

610 3010 639 3056 ¹)
666 3011 710 3045 cf.
736 3010 847 3055 Uhlig
870 3022 904 3055 p.
929 3011 975 3046 33
1000 3021 1081 3055 sqq.
1108 3011 1192 3046 adn.
