2196 3438
921 295 968 337 11

162 433 445 500 mntinemrss
463 435 612 493 verbis
643 434 710 478 ἐπὶ
734 434 818 478 τῶν
844 433 1185 491 παραληγόντων.
1244 436 1332 479 Aut
1359 435 1597 479 dicendum
1628 438 1723 479 erat

164 501 265 556 υὺς
289 500 614 560 ammom<
642 505 715 558 (cr.
747 504 814 556 31,
843 505 883 547 8.
915 504 984 556 36,
1013 505 1053 547 2.
1084 505 1152 557 50,
1173 504 1200 547 6
1221 505 1270 548 G.
1302 523 1355 541 =
1391 505 1455 557 17,
1490 506 1554 548 13.
1587 502 1719 556 20,4.

164 572 239 626 2⁷,
274 572 303 617 9
341 572 430 627 W.)
473 576 549 616 aut
583 572 651 615 ἐπὶ
687 576 768 616 τῶν
801 571 1138 629 παραληγουσῶν
1176 586 1238 616 sc.
1276 572 1428 629 χωρῶν
1466 573 1538 626 (cf.
1578 575 1647 626 31,
1677 574 1718 617 5.

66 652 69 653 ’
163 640 240 696 Μ.
271 641 312 687 1.
330 641 372 686 3.
392 642 433 686 5.
463 643 533 694 53,
553 643 593 685 9.
624 642 694 695 67,
726 643 767 685 9.
789 642 856 694 71,
891 642 944 685 16
965 655 1031 697 sq.
1062 642 1174 685 alias
1196 642 1245 685 G.
1277 661 1329 678 =
1366 643 1430 695 17,
1464 643 1529 686 11.
1559 643 1628 694 21,
1650 644 1717 685 23.

163 710 239 765 ss.
265 710 309 757 2.
337 710 379 755 4.
417 711 487 764 29,
522 711 587 755 10.
625 710 696 764 36,
724 711 764 754 2.
795 711 864 763 38,
894 712 921 754 9
950 725 1046 766 sqq.
1077 711 1169 762 W.;
1207 711 1326 754 idem
1356 711 1535 754 dicendi
1564 725 1718 766 genus,

158 787 325 829 ..vorum
357 779 701 836 praepositione
737 778 850 822 κατά
887 782 1114 835 usurpata,
1153 780 1347 823 occurrit
1384 781 1452 831 35,
1483 780 1522 824 5.
1554 781 1622 833 39,
1657 782 1720 824 13.

165 846 239 903 ⁴1,
272 849 309 893 1.
346 848 417 902 69,
446 849 474 893 2
504 862 572 905 sq.
610 847 661 892 G.
706 867 759 885 =
809 850 874 900 19,
911 849 979 892 24.
1010 848 1084 901 21,
1115 849 1184 892 20.
1213 849 1283 900 22,
1317 849 1382 892 16.
1421 849 1489 900 36,
1525 850 1582 892 20
1617 849 1718 903 W.).

169 916 265 964 sed
306 916 375 961 ἐπὶ
415 917 498 961 πῶν
538 915 867 975 παραληγόντων
913 931 973 961 sc.
1011 917 1151 961 ποδῶν
1194 917 1358 960 idoneo
1404 931 1541 961 sensu
1586 921 1718 962 caret.

169 986 290 1044 Ergo
324 986 436 1032 illud
470 987 592 1043 quod
630 987 748 1031 inest
784 988 832 1030 in
868 985 912 1029 B
940 990 983 1030 et
1023 986 1066 1029 Y
1096 987 1376 1030 enuntiatum
1405 1000 1432 1030 a
1462 986 1719 1042 Byzantinis

168 1055 352 1118 dem
391 1055 593 1101 additum
637 1059 719 1100 est.
784 1057 842 1100 At
881 1055 1261 1112 quemadmodum
1312 1057 1437 1099 locus
1489 1057 1716 1099 sanandus

169 1117 381 1180 &Aaou
427 1125 557 1170 tacile
601 1128 671 1169 est
714 1125 970 1170 diiudicatu.
1036 1126 1125 1169 Aut
1164 1139 1212 1169 re
1249 1139 1355 1169 vera
1392 1125 1438 1168 in
1478 1126 1718 1181 archetypo

109 1192 451 1276 ,ηραώλωπι
481 1194 709 1239 intercidit
738 1197 815 1238 aut
843 1195 1038 1250 genuina
1067 1195 1203 1238 verba
1232 1195 1411 1238 fuerunt
1441 1194 1551 1238 haec
1582 1193 1722 1250 διαφέ-

148 1258 238 1322 sp}
259 1260 314 1309 Bb
338 1261 414 1307 τοῦ
441 1257 590 1320 ὀρθοῦ,
626 1256 656 1320 ’ᾗ
698 1263 832 1307 ἐκεῖνο
862 1265 936 1321 μὲν
964 1261 1035 1307 τὸν
1063 1262 1298 1306 τελευταῖον
1326 1262 1475 1320 ἴαμβον
1505 1262 1595 1319 ἔχει
1626 1295 1637 1306 .
1669 1296 1678 1305 .
1711 1296 1720 1305 .

152 1327 300 1379 ww
340 1330 390 1376 δὲ
430 1331 461 1389 ἤ
505 1333 720 1376 σπονδεῖον
762 1329 792 1389 ἤ
836 1339 1052 1390 τροχαῖον.
1096 1331 1191 1384 τοὺς
1234 1333 1281 1375 δὲ
1317 1329 1639 1389 παραλήγοντας
1675 1331 1722 1375 τὸ

166 1397 316 1459 χυλὸν
341 1394 392 1444 οὔ
421 1400 590 1458 δέχετα.
619 1400 915 1459 τρισυλλάβως
943 1400 1034 1445 κτλ.

284 1467 403 1514 Tam
440 1469 570 1513 foede
611 1469 743 1524 igitur
780 1483 880 1513 cum
918 1470 1009 1512 sint
1045 1468 1203 1513 classis
1234 1467 1278 1511 B
1319 1469 1422 1512 libri
1453 1469 1722 1525 interpolati,

173 1548 330 1583 eorum
357 1538 576 1583 lectiones
607 1539 654 1581 in
685 1542 902 1594 apparatu
933 1538 1088 1582 critico
1119 1538 1455 1582 commentariis
1485 1539 1638 1582 addito
1661 1539 1720 1582 ibi

171 1608 350 1652 tantum
391 1607 533 1659 attuli,
577 1607 653 1650 ubi
696 1620 912 1663 perquam
958 1606 1271 1650 memorabiles
1311 1620 1411 1650 esse
1440 1606 1719 1651 videbantur.

173 1675 339 1721 Totam
383 1675 545 1719 seclusi
590 1676 778 1719 alteram
823 1675 991 1719 codicis
1039 1674 1098 1717 M
1131 1688 1335 1727 manum,
1389 1675 1552 1731 quippe
1597 1677 1720 1720 cuius

171 1743 391 1790 lectiones
431 1758 487 1789 ex
523 1744 677 1788 codice
715 1745 869 1788 nescio
901 1758 988 1800 quo
1020 1744 1178 1787 classis
1219 1742 1262 1786 Y
1293 1744 1544 1799 descriptae
1576 1745 1725 1799 siut:¹)

174 1825 264 1871 qua
293 1813 362 1858 de.
379 1813 514 1858 classi
544 1813 633 1856 iam
662 1813 818 1868 paucis
847 1826 990 1868 agam.

287 1880 458 1927 Classis
498 1880 542 1924 Y
562 1883 843 1938 archetypus,
872 1895 953 1937 per
983 1895 1115 1937 quem
1146 1881 1291 1924 solum
1313 1881 1508 1925 maxima
1528 1882 1723 1926 scholio-

172 1950 329 2010 ιιιπιβ
371 1965 477 2007 pars
523 1954 697 1995 servata
742 1955 824 2003 est,
870 1951 1211 1994 consarcinatus
1250 1951 1424 1994 videtur
1464 1964 1518 1995 ex
1549 1952 1720 2005 integro

174 2018 334 2071 dussis
363 2018 413 2064 X
437 2021 679 2076 exemplari
710 2044 765 2052 —
795 2020 988 2064 fortasse
1019 2033 1073 2063 ex
1101 2019 1143 2062 A
1174 2020 1286 2074 ipso,
1325 2020 1585 2076 priusquam
1617 2021 1723 2063 folia

176 2085 254 2134 illa
289 2091 395 2145 post
424 2089 500 2132 fol.
529 2089 578 2132 91
617 2089 849 2144 perierunt
876 2112 934 2121 —
964 2091 1007 2131 et
1029 2101 1083 2132 ex
1105 2088 1219 2131 libro
1241 2088 1389 2143 aliquo
1411 2089 1570 2132 classis
1587 2088 1639 2141 B,
1662 2090 1723 2132 ita

175 2160 343 2211 tamen,
370 2160 420 2202 ut
449 2157 585 2201 homo
616 2157 775 2200 doctus
806 2157 881 2212 qui
913 2157 1029 2200 hanc
1060 2156 1371 2200 recensionem
1402 2157 1603 2200 condidit
1622 2172 1723 2213 per-

177 2226 330 2272 multis
366 2226 478 2271 locis
515 2227 697 2282 proprio
735 2227 875 2270 Marte
913 2225 1141 2281 archetypi
1179 2226 1315 2269 verba
1358 2226 1617 2270 emendaret
1653 2229 1720 2270 vel

178 2296 456 2352 depravaret.
516 2295 698 2340 Scholia
727 2295 879 2339 omisit
907 2297 1087 2350 praeter
1116 2295 1375 2338 continuum
1413 2295 1522 2338 illud
1561 2296 1725 2339 scholi-

178 2378 308 2410 orum
362 2364 386 2423 β
431 2377 593 2421 corpus
647 2365 694 2408 in
745 2364 972 2408 communi
1017 2364 1257 2419 archetypo
1303 2364 1552 2407 enchiridio
1596 2378 1726 2420 prae-

175 2434 377 2487 missum,
416 2433 536 2490 quod
566 2433 815 2478 enchiridio
846 2434 1053 2476 absoluto
1093 2433 1334 2477 subiunxit.
1399 2433 1556 2476 Fuisse
1603 2433 1725 2476 illum

176 2504 408 2549 hominem
461 2504 672 2547 Ioannem
729 2503 939 2547 Tzetzam
992 2502 1244 2558 suspicatus
1298 2505 1367 2545 est
1417 2502 1723 2557 Westphalius

174 2573 350 2629 (Meu-ik
383 2571 424 2616 1¹
459 2587 503 2628 p.
545 2574 642 2626 195)
686 2572 860 2615 collatis
905 2573 1093 2616 Tzetzae
1136 2571 1339 2615 versibus
1371 2571 1418 2614 in
1450 2572 1597 2615 Cram.
1635 2572 1719 2615 An.

178 2643 262 2687 Ox.
299 2642 353 2686 111
388 2656 430 2698 p.
471 2642 567 2693 311,
611 2642 805 2684 18-20
849 2644 893 2684 et
938 2641 1095 2684 classis
1152 2638 1193 2682 Y
1231 2640 1376 2683 verbis
1420 2654 1462 2695 p.
1501 2641 1574 2693 4-8,
1616 2642 1631 2683 1
1677 2642 1726 2683 G.

177 2712 265 2766 (26,
309 2712 335 2755 2
380 2711 487 2765 W.);
534 2710 587 2753 cs.
633 2709 767 2753 etiam
812 2710 867 2753 Is.
913 2709 1121 2753 Tzetzam
1168 2709 1212 2752 in
1259 2709 1404 2752 Cram.
1448 2709 1532 2752 An.
1573 2710 1670 2753 Par.
1711 2710 1724 2751 1

176 2794 220 2838 p.
243 2779 338 2832 122,
358 2779 414 2823 29
434 2781 478 2822 et
498 2779 640 2834 Heph.
662 2792 704 2834 p.
726 2779 794 2830 84,
828 2779 846 2821 1
873 2778 921 2821 G.
953 2778 1039 2831 (44,
1065 2778 1116 2821 16
1138 2778 1237 2833 W.).
1288 2777 1477 2821 Codices
1500 2778 1656 2821 classis
1690 2776 1730 2819 Y

177 2848 237 2894 ad
262 2847 612 2904 Hephaestionis
644 2848 778 2891 verba
810 2846 1112 2902 recuperanda
1141 2846 1263 2890 omni
1295 2860 1395 2890 esse
1424 2846 1568 2902 pretio
1590 2846 1727 2890 desti-

178 2944 366 2951 ——n—->

296 2997 322 3044 ¹)
347 2997 465 3033 Etiam
491 2997 526 3033 in
556 2996 611 3032 Tu
637 2997 836 3034 nonnullae
862 2997 1040 3033 lectiones
1073 3007 1116 3032 ex
1149 2995 1259 3032 classi
1292 2992 1328 3030 Y
1349 2994 1531 3031 admixtae
1549 2997 1643 3031 sunt.
