2196 3438
1204 311 1261 355 es
1331 314 1335 319 .

567 451 748 506 Optimo
781 450 874 492 iure
907 449 986 492 viri
1009 448 1129 492 docti
1150 462 1205 491 ex
1226 446 1371 504 Heph.
1404 462 1446 503 p.
1467 450 1536 501 20,
1557 449 1627 492 21.
1655 450 1726 502 43,
1751 451 1769 494 1
1804 453 1850 495 et
1868 450 2012 496 schol.

451 535 480 562 α
516 534 558 575 p.
593 522 687 571 199,
720 521 770 561 13
803 532 899 573 sqq.
932 518 1042 572 W.¹)
1074 517 1392 560 concluserunt
1421 517 1802 573 Hephaestionem
1838 532 1923 576 pro
1960 531 2014 563 ea

452 589 755 644 magnitudine
781 586 1002 644 (μεγέθει),
1026 586 1084 629 ad
1104 599 1237 641 quam
1259 586 1463 630 ultimam
1483 587 1603 630 iusto
1624 599 1812 632 numero
1833 591 2011 640 servato

452 661 595 700 metra
631 669 895 711 promovere
934 655 1107 707 liceret,
1148 655 1331 710 triginta
1364 653 1540 712 χρόνους
1568 652 1755 712 πρώτους
1784 657 2010 702 habuisse.

450 726 600 781 Neque
631 729 797 781 pugnat
829 738 929 767 cum
961 725 1046 768 hac
1078 724 1315 776 sententia,
1346 725 1467 780 quod
1495 725 1771 780 Hephaestio
1801 739 1844 782 p.
1865 726 1934 779 31,
1954 727 2012 770 20

451 809 547 850 sqq.
580 799 769 837 metrum
802 794 1111 838 hexametrum
1143 793 1496 837 choriambicum
1536 797 1790 850 temporum
1826 794 2012 851 triginta

450 867 658 919 quattuor
687 861 1065 917 commemorat.²)
1115 861 1227 905 Nam
1258 862 1343 906 etsi
1363 862 1700 918 Hephaestione
1731 863 1876 908 iudice
1905 863 2011 920 legi-

449 933 558 976 time
590 935 734 975 metra
763 935 1015 987 temporum
1054 931 1239 986 triginta
1269 944 1502 975 numerum
1542 932 1758 976 excedere
1796 945 1890 977 non
1933 931 2011 978 de·

447 1002 632 1053 bebant‚
670 1004 819 1043 tamen
859 1001 944 1043 hac
986 1001 1082 1055 lege
1120 1001 1366 1044 constituta
1403 1013 1495 1044 non
1532 1004 1776 1057 potuerunt
1805 1015 1830 1045 e
1859 1001 2009 1046 medio

445 1070 541 1113 tolli
573 1071 776 1125 longiora
807 1073 950 1121 metra
981 1069 1206 1112 interdum
1244 1069 1300 1112 de
1338 1069 1561 1113 industria
1595 1071 1651 1113 ab
1690 1069 2009 1114 Alexandrinis

445 1139 731 1194 potissimum
775 1138 922 1193 poetis
968 1140 1196 1193 usurpata.
1269 1138 1447 1181 Diserte
1493 1139 1609 1182 hanc
1659 1138 2009 1195 discrepantiam

447 1209 640 1251 illustrat
661 1207 916 1250 Victorinus
937 1221 980 1262 p.
999 1208 1068 1260 82,
1086 1207 1141 1250 25
1164 1221 1261 1263 sqq.
1301 1207 1637 1259 „Admonemur
1657 1208 1730 1251 hic
1751 1208 1872 1264 quod
1890 1208 2009 1264 apud

445 1278 684 1320 Graecos
709 1277 960 1319 celebratur
982 1289 1076 1319 non
1099 1276 1471 1331 praetermittere,
1504 1276 1716 1320 Boiscum
1741 1276 2007 1333 Cyzicenum

445 1359 781 1401 supergressum
817 1345 1068 1389 hexametri
1103 1346 1246 1400 legem
1282 1345 1523 1388 iambicum
1558 1348 1752 1389 metrum
1795 1347 1843 1390 in
1888 1349 2009 1391 octa-

444 1419 634 1458 metrum
650 1429 828 1458 versum
845 1415 1151 1466 extendisse“;
1170 1414 1224 1458 cf.
1243 1414 1375 1458 eund.
1386 1428 1428 1469 p.
1439 1415 1507 1467 83,
1524 1415 1575 1458 21
1596 1415 1721 1467 „ausi
1738 1415 1832 1460 sint
1851 1418 2008 1460 contra

443 1485 767 1539 praescriptum
793 1484 977 1539 triginta
1004 1488 1257 1539 temporum
1279 1483 1368 1527 duo
1389 1483 1651 1539 adicere“.⁸)
1699 1483 1822 1528 Idem
1841 1484 2008 1540 signifi-

443 1555 558 1596 cavit
587 1554 862 1608 Hephaestio
892 1567 936 1609 p.
957 1555 1026 1605 20,
1051 1554 1102 1596 21
1138 1553 1286 1596 verbis
1315 1553 1390 1595 καὶ
1411 1556 1469 1610 τῷ
1489 1552 1756 1610 πενταμέτρῳ
1785 1553 1834 1596 δί
1854 1552 2007 1611 καίπερ

442 1622 524 1665 ὄντι
566 1621 808 1679 ὑπερμέτρῳ
852 1620 1033 1673 πολλοὺς
1078 1622 1324 1679 κεχρῆσθαι
1367 1620 1633 1679 συμβέβηκεν
1643 1621 1702 1677 ⁴),
1748 1635 1804 1666 ex
1845 1623 2006 1678 quibus

441 1706 599 1747 parum
630 1695 750 1734 recte
771 1691 1078 1747 Westphalius
1109 1691 1284 1745 (Metrik
1314 1690 1364 1734 1²
1391 1704 1435 1746 p.
1459 1691 1561 1745 663)
1592 1691 1771 1746 collegit
1798 1691 2006 1747 Hephae-

442 1762 636 1804 stionem
666 1774 821 1804 versus
851 1761 1036 1815 triginta
1066 1763 1317 1815 temporum
1350 1773 1587 1803 numerum
1618 1759 1887 1804 excedentes
1913 1761 2006 1804 sol·-

442 1831 649 1874 lemniter
677 1828 914 1887 ὑπέρμετρα
943 1830 1189 1873 vocavisse.
1241 1829 1388 1872 Certis
1410 1829 1527 1872 hanc.
1549 1829 1853 1873 coniecturam
1873 1842 2006 1884 argu-

441 1900 605 1943 mentis
637 1900 845 1942 refutavit
876 1899 1044 1942 Caesar
1073 1899 1182 1953 (ind.
1216 1899 1315 1943 lect.
1346 1898 1484 1941 Marb.
1521 1898 1627 1941 1867
1647 1911 1691 1953 p.
1711 1897 2003 1954 XII—XIV)⁶)

441 1982 585 2024 neque
630 1982 744 2024 quae
778 1968 1085 2023 Westphalius
1132 1968 1178 2010 in
1214 1967 1347 2010 tertia
1387 1967 1585 2010 editione
1622 1967 1826 2022 (Allgem.
1856 1967 2002 2023 Metr.)

440 2052 482 2093 p.
518 2036 599 2081 186
628 2038 731 2081 adn.
763 2038 924 2089 attulit,
955 2037 1046 2080 ullo
1077 2037 1213 2079 modo
1243 2037 1301 2079 ad
1331 2037 1427 2079 eius
1460 2036 1731 2079 sententiam
1759 2035 2005 2080 defenden-

441 2107 543 2149 dam
567 2107 804 2150 sufficiunt.
850 2106 1027 2161 Reliqui
1049 2106 1257 2149 homines
1279 2106 1401 2148 docti
1424 2106 1538 2148 tales
1559 2118 1717 2148 versus
1747 2118 1775 2148 a
1803 2104 2003 2149 metricis

440 2180 622 2219 vocatos
653 2189 755 2219 esse
783 2175 996 2230 periodos
1025 2175 1303 2230 profitentur.
1365 2174 1498 2226 Quod
1533 2188 1626 2218 non
1657 2174 1767 2218 satis
1796 2177 2003 2225 accurate

439 2245 607 2288 dictum
638 2249 719 2288 est.
788 2246 852 2288 Ac
886 2244 1081 2299 primum
1120 2243 1265 2299 quivis
1304 2243 1523 2287 concedat
1561 2257 1749 2287 necesse
1792 2246 1862 2287 est
1895 2242 2004 2288 talia

559 2371 584 2417 ¹)
611 2372 662 2406 Ex
687 2371 840 2407 scholiis
864 2370 1175 2416 Hephaestioneis
1200 2381 1268 2405 sua
1293 2370 1601 2415 deprompserunt
1623 2370 1670 2406 Is.
1687 2370 1810 2406 Tzetz.
1835 2382 1870 2416 p.
1886 2370 1944 2412 95,
1956 2370 2004 2406 28

442 2435 478 2466 et
501 2431 636 2465 Tricha
660 2430 731 2476 (ed.
756 2430 879 2476 Furia)
904 2443 937 2476 p.
964 2432 1009 2466 56
1035 2443 1108 2476 sq.;
1142 2431 1186 2466 cf.
1213 2430 1300 2467 Mar.
1324 2430 1414 2465 vict.
1441 2442 1475 2475 p.
1501 2431 1556 2471 83
1581 2430 1613 2465 2.
1641 2431 1695 2466 10.
1722 2430 1869 2473 19-22,
1892 2429 2003 2466 Arist.

439 2489 561 2532 Quint.
588 2501 621 2534 p
646 2489 702 2529 32,
727 2490 783 2529 23
816 2500 890 2534 quo
916 2490 963 2525 de
993 2490 1077 2525 loco
1109 2489 1283 2524 disseruit
1314 2488 1452 2524 Caesar
1480 2488 1653 2535 Rhythm.
1686 2499 1722 2533 p.
1755 2488 1823 2524 129
1851 2498 1908 2534 sq.
1939 2487 2001 2534 (cf.

439 2547 572 2583 Amsel.
598 2548 621 2582 l.
647 2558 676 2582 c.
702 2558 736 2592 p.
764 2548 855 2592 136.)

552 2605 582 2650 ¹)
607 2606 652 2640 cf.
677 2605 813 2641 Tricha
837 2607 908 2651 (ed.
934 2605 1142 2651 Westphal)
1168 2617 1202 2651 p.
1227 2605 1307 2647 284.
1331 2606 1407 2640 3—-
1416 2606 1450 2641 5.
1588 2631 1591 2633 -

555 2664 582 2709 ⁸)
607 2664 652 2698 cf.
678 2664 807 2699 Iubam
832 2665 930 2709 apud
954 2664 1075 2700 Rufin.
1102 2664 1162 2700 GL
1188 2664 1237 2699 VI
1261 2663 1340 2705 564.
1370 2664 1386 2698 1
1413 2674 1508 2709 sqq..
1532 2663 1620 2699 Mar.
1644 2662 1740 2698 Plot.
1764 2661 1825 2699 GL
1849 2661 1897 2698 Vl
1919 2662 2000 2704 w,

437 2722 539 2756 2-—4-
563 2723 642 2762 526,
657 2723 712 2757 22.
738 2723 817 2764 530,
833 2723 886 2758 13.
931 2723 1058 2758 Simile
1084 2722 1172 2768 quid
1198 2722 1316 2757 habes
1342 2722 1454 2757 etiam
1472 2722 1511 2757 in
1528 2721 1635 2757 Rhet.
1654 2720 2000 2766 gr.vlup.461‚2o

438 2782 651 2814 συντίθενται
675 2783 715 2814 δέ
738 2783 802 2815 καί
826 2783 869 2815 ἐκ
900 2781 1069 2815 πλειόνων
1101 2780 1228 2815 κώλων
1259 2782 1427 2824 περίοδοι,
1457 2775 1535 2815 ἀλλ’
1563 2781 1762 2823 ἐκβαίνουσι
1781 2778 1846 2824 τὴν
1870 2789 1998 2824 cuppa-

436 2841 534 2881 τρίαν
568 2841 630 2872 καί
670 2835 788 2872 οὐκέτι
811 2839 994 2882 περιόδων,
1020 2836 1116 2873 ἀλλὰ
1142 2840 1345 2880 διεξοδικῶν
1367 2838 1485 2883 λόγων
1509 2839 1630 2882 ἔχουσι
1652 2836 1759 2878 τάξιν.

551 2896 581 2939 ⁴)
606 2896 650 2930 cf.
677 2897 787 2931 etiam
813 2897 993 2941 Chaignet
1018 2897 1144 2932 Essais
1170 2898 1216 2932 de
1241 2896 1424 2942 metrique
1448 2906 1608 2940 grecque
1625 2894 1743 2941 (Paris
1758 2894 1862 2940 1887)
1876 2905 1913 2940 p.
1931 2894 2000 2930 174

437 2954 519 2989 adn.
545 2955 578 2989 3.

554 3012 581 3058 ⁵)
607 3012 780 3048 Versibus
806 3014 1048 3059 hypermetris
1074 3025 1095 3048 a
1121 3014 1280 3049 Caesare
1306 3013 1472 3048 excitatis
1498 3012 1593 3048 adde
1618 3011 1685 3047 GL
1711 3011 1757 3047 VI
1782 3011 1861 3053 637,
1887 3011 1919 3048 7.
1966 3036 1971 3040 -
