2196 3438
984 322 1039 365 53

227 459 407 518 graphi,
432 461 622 506 carmini
650 462 858 506 absoluto
889 462 1083 505 coronis.
1143 463 1192 505 In
1225 462 1499 506 carminibus
1535 462 1648 505 κατὰ
1677 476 1787 518 περι-

226 524 371 588 &emb
397 530 586 586 singulis
618 532 816 587 strophis
847 534 893 576 et
912 531 1208 587 antistrophis
1231 532 1431 587 singulae
1461 532 1787 588 subiunguntur

71 613 96 646 1
161 630 163 634 1
224 595 523 725 mg}
555 601 714 656 epodis
759 601 1012 654 coronides,
1058 601 1245 644 carmini
1290 601 1346 645 ad
1392 602 1523 645 finem
1569 603 1784 658 perducto

262 749 282 770 ³'
339 748 513 794 Horum
543 752 854 807 argumentum
885 750 1063 806 quidem
1085 752 1200 795 bene
1222 751 1438 806 procedit,
1469 751 1549 794 sed
1571 751 1616 794 in
1636 752 1784 796 verbis

227 817 349 864 inest
393 818 643 864 difficultas.
724 819 902 864 Etenim
955 834 1068 876 quae
1122 820 1397 876 Hephaestio
1455 834 1615 863 vocare
1671 821 1787 866 solet

227 885 539 948 μονοσφοφικά
569 892 614 933 et
644 886 844 945 ἐπῳδικοί,
874 889 948 932 hic
979 890 1167 933 audiunt
1196 886 1460 947 μονόστροφα
1481 891 1524 932 et
1544 887 1652 935 κατὰ
1673 903 1785 946 περι-

224 953 376 1015 ὠπήν.
435 957 606 1002 Contra
640 958 917 1014 Hephaestio
958 959 1205 1003 carminum
1247 958 1358 1002 κατὰ
1386 955 1618 1015 περικοπήν
1645 973 1783 1003 unum

224 1024 400 1071 &ntum
430 1039 570 1082 genus
601 1026 740 1079 novit,
771 1028 972 1071 carmina
1004 1028 1175 1071 scilicet
1204 1027 1315 1070 κατὰ
1334 1026 1566 1084 περικοπὴν
1595 1023 1783 1086 ἀνομοιο-

223 1091 347 1154 μ’ρῆ.
403 1094 531 1139 Adde
569 1096 688 1151 quod
725 1096 799 1140 vix
831 1096 1116 1152 intellegitur,
1149 1110 1227 1140 cur
1255 1096 1546 1152 Hephaestio,
1578 1097 1616 1140 si
1646 1097 1781 1141 modo

225 1156 360 1209 ethin
391 1162 619 1208 locutione
657 1163 827 1222 ᾅσματα
864 1165 976 1208 κατὰ
1014 1163 1247 1222 περικοπην
1281 1165 1345 1209 uti
1383 1165 1541 1209 solitus
1579 1165 1651 1219 sit,
1691 1179 1782 1210 non

221 1238 266 1298 Ρ.
293 1229 415 1277 xvn
442 1232 471 1277 4
507 1233 594 1276 hoc
634 1247 798 1277 nomen
839 1247 971 1291 quam
1002 1234 1223 1278 insulsum
1261 1234 1369 1278 illud
1399 1234 1575 1290 generis
1607 1235 1781 1290 epodici

220 1307 442 1364 usurpare
489 1302 716 1353 maluerit,
767 1303 855 1346 iam
913 1304 1213 1359 suspicaberis
1262 1304 1642 1359 Hephaestionem
1689 1317 1781 1347 non

221 1367 371 1428 sp‘s'um
414 1371 526 1415 haec
573 1373 865 1428 excogitasse.
940 1373 1030 1416 Sed
1075 1386 1132 1416 ne
1175 1375 1343 1416 temere
1388 1372 1473 1415 levi
1519 1377 1780 1428 argumento

225 1436 530 1485 coniecturam
561 1443 880 1496 superstruam,
911 1441 1142 1485 videamus
1175 1442 1356 1497 reliqua.

341 1508 588 1554 Omisimus
620 1510 766 1553 adhuc
797 1511 932 1554 verba
962 1511 1036 1552 καὶ
1065 1508 1194 1561 οὕτως
1223 1508 1251 1566 ἡ
1282 1507 1571 1566 παράγραφος,
1600 1507 1631 1565 ἢ
1660 1510 1781 1566 διορί-

220 1575 284 1631 ζει
325 1574 382 1621 τό
422 1591 470 1621 τε
513 1575 637 1636 ὃμοια
673 1579 746 1620 καὶ
789 1576 842 1621 τὰ
881 1573 1071 1636 ἀνόμοια,
1117 1579 1278 1635 quibus
1317 1579 1479 1622 mirum
1519 1579 1565 1621 in
1595 1579 1778 1622 modum

222 1646 556 1692 enuntiatorum
597 1661 810 1700 conexuS,
857 1661 970 1703 quae
1009 1648 1114 1691 inde
1152 1662 1178 1691 a
1215 1661 1257 1703 p.
1301 1647 1440 1690 XXIX
1471 1648 1496 1690 3
1536 1661 1678 1703 usque
1722 1648 1779 1691 ad

218 1714 360 1769 m
392 1716 439 1759 11
481 1729 573 1759 uno
605 1716 731 1772 quasi
762 1720 920 1760 tenore
959 1716 1213 1768 decurrunt,
1244 1715 1638 1772 interrumpitur.¹)
1695 1717 1780 1759 Re-

217 1786 327 1842 puta
361 1797 499 1841 porro
540 1785 809 1829 sententiam
849 1786 1080 1830 enuntiati.
1139 1786 1286 1828 Verba
1323 1785 1540 1828 eiusmodi
1575 1787 1692 1837 sunt,
1731 1789 1779 1829 ut

215 1853 486 1914 paragraphi
522 1867 607 1897 usu
646 1854 869 1898 illustrato
907 1855 1045 1898 totius
1085 1854 1398 1910 explicationis
1444 1854 1775 1910 quodammodo

217 1927 439 1967 Summam
478 1922 624 1973 facere
654 1923 900 1967 videantur.
961 1924 1052 1968 Sed
1090 1925 1176 1967 hoc
1216 1937 1368 1967 nonne
1398 1923 1598 1978 ineptum
1630 1927 1698 1967 est
1730 1925 1775 1967 in

216 1989 366 2036 media
399 1990 484 2034 hac
523 1991 771 2035 carminum
801 1992 1089 2048 epodicorum
1130 1992 1458 2048 explanatione,
1495 2005 1577 2047 pro
1617 1993 1776 2036 funda-

217 2061 372 2104 mento
426 2058 756 2103 distributionis
807 2061 996 2116 sumptis
1047 2075 1139 2104 non
1189 2061 1332 2112 notis,
1391 2061 1469 2103 sed
1528 2061 1777 2105 carminum

217 2127 486 2184 generibus?
542 2129 632 2172 Aut
678 2129 853 2184 egregie
893 2129 1024 2173 fallor
1061 2133 1136 2173 aut
1176 2143 1248 2172 res
1289 2130 1386 2185 ipsa
1434 2130 1595 2173 clamat
1639 2130 1774 2173 alium

217 2195 476 2240 condidisse
496 2197 727 2241 enuntiata
746 2212 788 2253 p.
809 2198 948 2241 XXIX
968 2198 1080 2240 3-8
1111 2201 1155 2241 et
1184 2199 1338 2250 9-11,
1368 2197 1503 2241 alium
1525 2198 1591 2241 eis
1614 2199 1774 2243 mediis

218 2264 468 2309 inculcasse
505 2266 785 2310 enuntiatum
824 2266 953 2319 illud,
1000 2280 1100 2310 cum
1139 2280 1232 2311 non
1269 2270 1360 2310 tam
1399 2267 1773 2323 quemadmodum

217 2333 418 2378 carmina
456 2337 611 2378 essent
658 2334 970 2378 distribuenda
1015 2348 1147 2391 quam
1193 2336 1419 2391 quomodo
1464 2336 1774 2391 appingendae

215 2404 369 2447 essent
399 2405 547 2455 notae,
578 2404 802 2459 explicare
831 2404 975 2459 vellet.

329 2471 533 2515 Graviter
562 2472 832 2516 offendimur
860 2473 1011 2517 verbis
1042 2472 1128 2516 Καὶ
1163 2472 1340 2530 μάλιστα
1379 2473 1528 2516 εἴωθεν
1558 2471 1581 2516 ὁ
1613 2468 1773 2531 ἀστερί-

219 2553 322 2592 σκος
349 2539 561 2595 τίθεσθαι,
593 2539 666 2585 ἐὰν
697 2539 965 2598 ὲτερόμετρον
993 2540 1022 2599 ἡ
1046 2540 1092 2585 τὸ
1124 2540 1239 2599 ᾆσμα
1268 2540 1315 2585 τὸ
1354 2541 1459 2598 ἑξῆς.
1519 2542 1631 2586 Nam
1662 2557 1772 2599 quo-

215 2609 336 2654 niam
366 2611 501 2653 antea
531 2613 649 2653 certe
680 2612 725 2654 et
754 2610 964 2655 distincte
996 2611 1051 2654 de
1076 2610 1285 2654 omnibus
1317 2611 1644 2664 occasionibus,
1676 2613 1772 2656 ubi-

332 2792 359 2839 ¹)
383 2793 604 2835 Boeckhius.
630 2795 693 2840 qui
719 2795 754 2831 in
780 2795 935 2832 Pind.11
955 2796 970 2831 1
998 2806 1032 2841 p.
1052 2795 1197 2831 XXXIII
1224 2799 1454 2842 ..usui-paint.
1479 2797 1607 2843 inquit.
1624 2802 1772 2842 κορωνίς

212 2851 249 2888 in
270 2852 472 2898 epodon-um
490 2853 563 2888 tine
581 2864 654 2889 una
671 2865 752 2889 cum
778 2854 1023 2900 paragrapho.
1048 2853 1078 2889 si
1104 2854 1415 2900 Hephaestionem
1441 2858 1537 2891 recte
1562 2855 1772 2901 intellego“,

211 2908 248 2946 in
281 2920 442 2947 errorem
473 2911 654 2947 abductus
688 2915 743 2947 est
777 2922 820 2947 eo
852 2922 933 2954 usu,
965 2911 1027 2958 qui
1059 2910 1095 2947 in
1121 2911 1284 2948 Triclinii
1316 2912 1467 2948 scholiis
1493 2912 1694 2950 Pindaricis
1732 2925 1770 2951 re

211 2977 299 3004 vera
322 2968 550 3005 observatur.

326 3025 358 3072 ¹)
382 3026 429 3063 ls.
454 3027 577 3064 Tzetz.
605 3039 637 3073 p.
665 3028 721 3069 73,
746 3030 768 3063 6
793 3039 875 3075 sqq.
902 3029 972 3064 hoc
998 3028 1225 3064 enuntiatum
1251 3028 1397 3065 silentio
1424 3029 1678 3075 praetermisit.
