2196 3438
1211 333 1291 381 114

466 476 520 519 cf.
542 490 655 532 quae
677 476 768 519 dixi
795 490 835 531 p.
861 477 940 519 102
961 489 1028 531 sq.
1079 477 1337 532 Sequuntur
1366 490 1409 532 p.
1432 477 1501 532 59,
1531 478 1675 521 8—29
1702 481 1943 534 praecepta
1970 475 2030 523 ad

466 546 666 589 carmina
696 545 806 588 κατὰ
835 544 1067 601 περικοπὴν
1098 548 1143 589 et
1174 545 1413 601 ephymnia
1447 545 1732 600 pertinentia.
1797 546 1865 592 De
1892 546 2029 592 {onti-

465 615 548 657 bus
579 627 662 669 pro
693 618 815 657 certo
847 615 958 658 haec
979 614 1202 658 affirmare
1221 614 1346 659 licet:
1378 614 1597 670 particula
1615 629 1658 671 p.
1680 615 1750 670 58,
1766 616 1966 670 23-59,
1986 617 2028 670 5,

465 697 551 739 qua
582 684 637 726 de
669 684 937 739 syllabarum
969 684 1309 728 coniunctamm
1340 687 1384 727 et
1411 684 1654 728 divisarum
1674 685 1796 729 inter
1816 685 2029 742 strophae

465 753 763 807 responsione
792 753 948 807 agitur,
970 767 997 796 a
1018 753 1322 797 Thacomesto
1346 753 1566 808 originem
1587 753 1733 806 duxit3
1764 753 1820 799 cf.
1845 753 2029 800 Schultz

464 836 505 876 p.
526 822 595 864 46.
647 822 779 874 Idem,
813 822 887 878 qui
908 836 950 877 p.
972 822 1041 874 58,
1066 823 1117 866 19
1148 822 1280 865 triadi
1311 822 1527 877 epodicae
1558 835 1726 867 nomen
1754 821 1932 878 periodi
1958 822 2030 869 in-

464 890 589 942 didit,
621 904 662 946 p.
693 891 762 942 59,
798 890 850 933 16
881 893 925 933 et
958 890 1010 933 18
1042 889 1290 934 carminum
1319 889 1432 934 κατά
1460 888 1694 947 περικοπὴν
1722 888 2031 948 ἀνομοιομιρῶν

463 962 613 1012 partes
654 959 771 1002 inter
817 972 866 1002 se
911 959 1240 1014 respondentes
1278 959 1491 1015 periodos
1530 959 1791 1004 nominavit.
1861 959 2030 1006 Contra

464 1029 537 1083 qui
578 1027 890 1085 μονοπερίκοπσι
929 1031 972 1071 et
1009 1027 1328 1084 πολυπερίκοπα
1371 1042 1415 1084 p.
1452 1029 1522 1082 59,
1556 1029 1739 1072 12-15
1776 1028 2029 1085 descripsit,

464 1111 644 1140 carmen
678 1112 732 1141 ex
763 1098 949 1153 strophe
979 1101 1022 1141 et
1061 1098 1348 1153 antistropho
1392 1105 1434 1142 et
1473 1098 1618 1154 epodo
1665 1101 1882 1144 constans
1917 1111 2031 1155 πμ·

462 1163 600 1222 κοπήν
629 1166 846 1222 appellari
885 1167 1049 1210 docuit.
1123 1167 1326 1223 Denique
1371 1167 1574 1223 quamvis
1613 1181 1695 1223 per
1728 1167 1942 1223 ambages
1971 1167 2030 1213 ad

462 1236 653 1279 eundem
698 1239 928 1279 auctorem
975 1236 1165 1280 redeunt
1207 1236 1319 1280 vict.
1357 1251 1400 1292 p.
1444 1238 1522 1289 58,
1561 1237 1719 1280 6-23
1757 1239 1803 1282 et
1844 1236 2030 1282 Fortun.

460 1319 502 1359 p.
539 1305 603 1356 17,
638 1306 817 1348 11—-25,
875 1305 1000 1348 Haec
1033 1309 1138 1349 sunt
1170 1308 1303 1357 certa,
1336 1305 1417 1348 sed
1447 1306 1707 1350 coniectura
1736 1306 1872 1351 etiam
1893 1305 2031 1362 panio

461 1374 638 1428 longius
668 1374 1047 1429 progrediendum
1078 1387 1179 1417 esse
1203 1373 1392 1418 videtur.
1442 1374 1668 1418 Particula
1687 1388 1731 1430 p.
1751 1374 1823 1427 59,
1842 1374 2029 1427 u-w,

462 1456 549 1498 qua
581 1444 819 1498 ephymnia
847 1443 1176 1496 describuntur,
1208 1457 1321 1498 quae
1353 1444 1450 1496 „vel
1481 1444 1659 1499 hymnis
1690 1443 1759 1487 vel
1790 1443 2032 1500 dithyram-

461 1513 531 1555 bis
565 1512 790 1567 supereini
822 1510 1025 1569 (ἐπᾴδειν)
1055 1513 1196 1556 moris
1228 1515 1340 1566 est“,
1370 1515 1521 1556 utrum
1551 1527 1578 1555 a
1598 1513 1707 1556 Iuba
1725 1525 1787 1556 an
1805 1525 1834 1556 a
1853 1512 2033 1558 Thaen-

463 1585 608 1625 mesto
639 1581 884 1637 repetenda
915 1581 974 1625 sit
1003 1595 1086 1637 pro
1119 1585 1242 1626 certo
1272 1595 1365 1625 non
1392 1581 1750 1637 disceptaverim.
1809 1581 1901 1626 Sed
1929 1594 2031 1627 cum

461 1664 676 1706 perquam
708 1651 868 1694 similis
901 1651 959 1694 sit
979 1652 1332 1707 Hephaestionis
1358 1651 1647 1707 explicationi
1666 1665 1710 1706 p.
1730 1650 1850 1695 XXV
1873 1651 1893 1695 1
1917 1663 2030 1708 sqq..

462 1721 507 1763 in
539 1734 626 1776 qua
658 1720 1000 1775 ephymniorum
1032 1721 1237 1776 exempla
1260 1721 1551 1777 proferuntur
1571 1721 1821 1765 locutiones
1842 1717 1884 1776 ἰὴ
1903 1717 2032 1763 παιάν

462 1792 505 1831 et
526 1787 560 1831 ὦ
581 1787 830 1847 διθύραμβε,
862 1803 1052 1846 cumque
1081 1791 1137 1834 ab
1162 1791 1227 1834 eis
1251 1804 1365 1846 quae
1385 1790 1663 1846 praecedunt
1682 1803 1726 1845 p.
1747 1789 1817 1842 59,
1841 1789 1894 1835 15
1916 1802 2029 1845 sqq„

461 1871 573 1913 quae
612 1872 637 1901 a
674 1859 978 1902 Thacomesto
1018 1860 1239 1915 originem
1286 1860 1470 1903 duxisse
1514 1859 1633 1903 infra
1670 1857 1904 1914 probabile
1941 1857 2029 1910 flet,

460 1928 610 1971 verbis
642 1929 755 1980 „hoc
787 1929 887 1972 loco
919 1942 1012 1972 non
1044 1929 1375 1985 supersederim
1406 1930 1584 1972 dicere“
1616 1928 1675 1973 ad
1698 1928 1835 1972 alium
1856 1926 2029 1971 fontem

461 1999 679 2041 transitus
710 1998 804 2041 fieri
834 1998 1039 2042 videatur
1050 2000 1092 2054 ¹)
1123 1999 1390 2054 particulam
1421 1999 1543 2042 illam
1573 2012 1601 2041 a
1630 1997 1739 2041 Iuba
1775 2010 1878 2041 esse
1909 1995 2030 2041 deri-

460 2069 610 2109 vatam
641 2081 668 2109 a
697 2081 804 2110 vero
835 2068 957 2111 haud
979 2068 1208 2111 abhorret.
1255 2068 1390 2111 Certa
1409 2067 1634 2111 sermonis
1657 2065 2027 2110 Thacomestiani

461 2136 649 2190 vestigia
680 2137 726 2178 in
758 2136 903 2191 capite
933 2150 976 2191 p.
1007 2137 1076 2187 58,
1107 2137 1202 2179 5—
1211 2137 1279 2189 60,
1310 2137 1366 2179 25
1405 2138 1592 2191 excepta
1629 2135 1850 2190 particula
1884 2147 1929 2190 p.
1958 2134 2028 2187 58,

460 2205 644 2257 23—59,
665 2206 691 2247 5
715 2219 937 2261 nusquam
962 2205 1263 2249 inveniuntur.
1324 2205 1477 2261 Neque
1509 2205 1629 2248 enim
1659 2217 1818 2248 vereor
1847 2216 1906 2248 ne
1929 2203 2029 2259 quis

459 2274 637 2317 unicam
684 2275 958 2318 locutionem
1003 2287 1215 2326 „sensum
1261 2274 1416 2317 finire“
1462 2288 1504 2329 p.
1542 2275 1612 2327 58,
1655 2274 1706 2316 17
1747 2272 1857 2317 certi
1900 2272 2029 2316 testi-

461 2344 599 2386 monii
631 2344 731 2386 loco
764 2345 940 2388 habeat.
1002 2344 1093 2388 Sed
1124 2344 1329 2399 exempla
1359 2358 1386 2387 a
1416 2344 1548 2387 Vario
1580 2346 1625 2387 et
1655 2343 1857 2387 Varrone
1885 2342 2029 2398 petita

459 2418 518 2466 (p.
564 2414 641 2464 60,
690 2414 742 2456 14
787 2414 903 2469 sqq.)
962 2413 1104 2468 magis
1156 2414 1461 2457 Thacomesto
1513 2426 1646 2468 quam
1695 2412 1830 2456 Iubae
1878 2411 2028 2457 favere

460 2481 684 2524 Schultzio
717 2483 775 2536 (p.
797 2483 872 2536 46)
905 2483 1245 2526 concedendum
1279 2496 1379 2526 esse
1409 2482 1617 2525 arbitror.
1677 2481 1845 2533 Iubam,
1874 2479 2027 2524 Helio-

460 2550 557 2591 dori
599 2553 891 2603 sectatorem,
930 2552 1063 2595 triadi
1102 2552 1316 2607 epodicae
1364 2564 1530 2594 nomen
1575 2550 1750 2606 periodi
1798 2549 2025 2603 tribuisse,

460 2632 560 2661 cum
592 2620 659 2662 vel
696 2634 776 2674 per
814 2635 862 2663 se
900 2621 994 2663 veri
1036 2621 1094 2664 sit
1133 2621 1352 2664 dissimile
1392 2620 1527 2664 etiam
1565 2619 1708 2674 magis
1746 2618 2026 2674 improbatur

460 2701 512 2730 ea
541 2688 715 2742 periodi
747 2690 1021 2741 definitione,
1054 2703 1187 2744 quam
1223 2704 1251 2732 a
1281 2690 1388 2733 Iuba
1425 2690 1738 2744 depromptam
1768 2687 2024 2732 Victorinus

459 2757 587 2799 affert
617 2771 659 2811 p.
691 2758 759 2809 55,
792 2759 922 2801 7—9:
955 2759 1174 2815 ,,περ·.ὀδος
1205 2759 1368 2802 dicitur
1406 2772 1540 2802 omne
1579 2756 1828 2801 hexametri
1868 2770 2024 2801 versus

460 2921 496 2953 et
521 2919 750 2965 antistrophe
776 2924 811 2955 et
837 2922 957 2966 epodo
984 2948 992 2956 .
1011 2949 1019 2956 .
1039 2949 1048 2958 .
1074 2922 1318 2964 subsistunt“;
1344 2933 1378 2968 p.
1403 2922 1460 2963 59,
1485 2922 1508 2956 6
1532 2921 1650 2964 „inter
1675 2921 1768 2956 haec
1801 2922 1887 2957 sunt
1911 2930 2021 2966 quae·

459 2977 544 3011 dam
570 2979 733 3013 earmina
759 2990 854 3023 quae
880 2981 1149 3025 monostropha
1173 2980 1442 3025 appellantur.“

579 3046 603 3090 ’,ι
630 3049 674 3082 cf.
702 3049 850 3083 Schultz
877 3060 910 3093 p.
935 3049 991 3083 34.
