2196 3438
306 1180 350 1209 10

304 1539 349 1568 15

1097 328 1218 375 m
2067 0 2196 364 ἶ

378 476 462 521 τοῖς
490 476 701 527 τραγικοῖς
738 470 822 512 ἐστι
857 468 1015 526 πολλή,
1053 468 1169 526 παρὰ
1206 470 1254 512 δὲ
1292 475 1375 521 τοῖς
1402 469 1584 527 λυρικοῖς
1612 470 1786 515 σπανία·
1816 470 1935 528 παρὰ
2187 419 2196 511 l2

374 534 571 596 Ἀλκμᾶνι
620 538 719 595 γοῦν
771 533 1023 594 εὑρίσκεται·
1084 536 1250 594 γράψας
1291 537 1373 595 γὰρ
1418 538 1575 591 ἐκεῖνος
1617 538 1935 597 δεκατεσσάρων
2189 551 2196 604 j

380 607 568 665 στροφῶν
589 606 758 665 ᾅσματα
787 605 979 669 <ορτ>ωζν
1008 605 1055 650 τὸ
1077 608 1150 664 μὲν
1170 605 1296 664 ἥμισυ
1326 606 1399 650 τοῦ
1419 606 1547 651 αὐτοῦ
1567 607 1718 666 μέτρου
1739 607 1934 667 ἐποίησιν
2191 616 2196 635 ¹

380 676 678 733 ἑπτάστροφον,
723 675 768 718 τὸ
808 676 855 718 δὲ
889 675 1016 733 ἥμισυ
1046 675 1207 733 ἑτέρου·
1246 677 1318 719 καὶ
1354 675 1423 719 διὰ
1459 677 1580 720 τοῦτο
1611 677 1679 720 ἐπὶ
1706 683 1796 731 ταῖς
1824 675 1931 722 &md

379 753 574 803 στροφαῖς
610 751 696 797 ταῖς
735 744 892 801 ἑτέραις
928 745 1090 788 τίθεται
1125 743 1154 802 ἡ
1193 745 1318 802 διπλῆ
1349 745 1609 804 σημαίνουσα
1637 745 1683 790 τὸ
1715 746 1932 805 μεταβολι-

379 816 464 868 κῶς
494 814 539 858 τὸ
571 813 686 872 ᾆσμα
715 813 968 871 γεγράφθαι.

2189 645 2196 671 Ι

405 927 483 991 (δ’)
493 952 662 1004 Τούτοις
682 958 765 1004 τοῖς
785 952 970 1010 σημείοις
996 958 1079 1005 τοῖς
1105 953 1416 1011 προειρημένοις
1445 953 1555 1011 πλὴν
1582 954 1656 997 τοῦ
1685 953 1935 1012 άστερίσκου
1959 973 1995 1008 p.
2023 963 2068 999 76
2187 952 2196 1028 ξ

378 1024 452 1066 καὶ
481 1022 633 1079 ἑτέροις
661 1022 751 1077 τισί,
782 1023 877 1078 περὶ
905 1021 961 1065 ὥν
990 1021 1174 1080 λέξομεν,
1206 1023 1248 1066 ἐν
1276 1028 1360 1075 τοῖς
1389 1022 1572 1080 δράμασι
1599 1022 1823 1082 χρώμεθα.

414 1105 471 1164 (ι)
492 1103 558 1161 Τῇ
602 1105 675 1161 μὲν
720 1102 791 1146 οὖν
833 1102 1026 1159 κορωνίδι
1062 1102 1173 1146 κατὰ
1209 1102 1385 1159 τρόπους
1421 1110 1548 1161 τρεῖς·
1592 1103 1687 1161 ἤτοι
1723 1103 1823 1149 ὅταν
1849 1107 1932 1149 τῶν

377 1169 607 1230 ὑποκριτῶν
637 1169 829 1215 εἰπόντων
858 1170 946 1215 τινὰ
965 1172 1038 1214 καὶ
1057 1167 1382 1229 ἀπαλλαγέντων
1405 1172 1708 1230 καταλείπηται
1737 1171 1760 1216 ὅ
1780 1171 1930 1231 χορός·

377 1242 406 1299 ἤ
451 1242 643 1299 ἔμπαλιν·
687 1240 716 1298 ἦ
761 1240 860 1284 ὅταν
904 1239 1126 1298 μετάβασις
1170 1236 1253 1284 ἀπὸ
1297 1239 1425 1285 τόπου
1470 1242 1527 1294 εἰς
1568 1241 1695 1285 τόπον
1738 1241 1929 1300 γίνεσθαι

378 1312 485 1368 δοκῇ
515 1315 589 1367 τῆς
619 1313 791 1367 σκηνῆς.
2187 1337 2196 1354 .

382 1383 453 1452 (Ἰ)
490 1390 555 1448 Τῇ
586 1391 633 1433 δὲ
661 1389 927 1447 παραγράφῳ
964 1389 1057 1447 ἤτοι
1086 1390 1198 1434 κατὰ
1227 1389 1430 1447 πρόσωπα
1461 1386 1674 1450 ἀμοιβαῖα,
1705 1391 1749 1436 ἕν
1776 1405 1823 1436 τε
1842 1397 1929 1444 τοῖς

378 1461 582 1518 ἰαμβικοῖς
618 1461 692 1502 καὶ
726 1466 810 1511 τοῖς
838 1466 1037 1517 χορικοῖς,
1068 1458 1155 1516 <ἧ>
1185 1458 1336 1517 μεταξὺ
1366 1464 1440 1517 τῆς
1469 1475 1514 1504 τε
1543 1461 1727 1517 στροφῆς
1754 1461 1829 1504 καὶ
1857 1460 1934 1517 τῆς
1958 1464 2008 1511 (p.
2035 1464 2114 1510 139)

378 1525 659 1586 ἀντιστρόφου.

393 1599 466 1666 CB)
483 1609 589 1653 Ἐὰν
634 1609 769 1666 μέντοι
811 1607 840 1666 ἡ
885 1608 1045 1666 στροφὴ
1091 1609 1135 1662 ἐξ
1179 1608 1407 1668 ἀμοιβαίων
1447 1607 1635 1667 τυγχάνῃ
1666 1608 1933 1667 συγκειμένη,

377 1679 454 1722 οὐκ
499 1679 668 1735 ἐξαρκεῖ
705 1677 807 1735 πρὸς
850 1677 897 1721 τὸ
942 1678 1142 1736 δηλῶσαι,
1188 1677 1249 1721 ὅτι
1291 1675 1563 1735 πεπλήρωται
1605 1677 1634 1735 ἡ
1681 1675 1855 1735 στροφή,
1900 1675 1931 1734 ἡ

375 1746 650 1805 παράγραφος
685 1747 983 1804 ἐπιφερομένης
1018 1746 1150 1804 ἄλλης
1186 1751 1388 1805 στροφῆς,
1428 1747 1518 1790 ἐπεὶ
1555 1748 1628 1789 καὶ
1658 1742 1720 1804 ἐφ’
1751 1744 1933 1791 ἑκάστου

483 1909 761 1956 Discrep.1ect.]
810 1910 827 1946 1
854 1910 892 1946 in
908 1920 999 1946 voce
1023 1915 1096 1952 τοῖς
1120 1910 1221 1945 litut
1245 1910 1373 1945 charta
1390 1909 1535 1945 novicia
1557 1909 1719 1945 obducta
1735 1911 1793 1944 est
1809 1907 1895 1945 inA
1918 1907 1932 1954 Ι

375 1969 397 2004 2
420 1970 564 2014 γράψας
579 1967 671 2012 AM,
696 1970 833 2014 ἔγραψε
847 1967 929 2004 dett.
946 1968 1127 2010 Gaisford.
1144 1968 1338 2014 Westphal
1373 1967 1386 2014 ΙΙ
1420 1969 1442 2004 3
1455 1967 1598 2013 ᾄσματα
1615 1965 1730 2003 αὐτῶν
1744 1966 1934 2013 temptavi.

375 2027 533 2071 ᾄσματα·
559 2027 606 2062 ὠν
628 2026 736 2071 codd„
767 2027 911 2072 ᾄσματα
934 2027 993 2062 vel
1018 2027 1140 2072 potius
1165 2026 1272 2072 ᾆσμα,
1309 2026 1434 2062 deleto
1459 2027 1641 2062 vocabulo
1667 2026 1725 2068 ὧν.
1749 2025 1875 2071 Bergk
1895 2025 1933 2062 in

373 2086 463 2122 PLG
492 2086 558 2121 111⁴
577 2097 612 2132 p.
636 2086 683 2121 28
750 2084 763 2131 ΙΙ
831 2085 856 2120 4
885 2088 949 2120 καί
978 2085 1105 2121 charta
1135 2085 1279 2121 novicia
1309 2085 1509 2121 obductum
1534 2088 1591 2121 est
1614 2085 1652 2120 in
1675 2084 1712 2120 A
1779 2084 1792 2131 u
1860 2084 1885 2119 5
1907 2081 1932 2130 ἡ

374 2146 479 2189 διπλῆ·
502 2143 550 2187 Β,
574 2143 597 2189 ἠ
624 2147 664 2179 δὲ
680 2144 784 2189 διπλῆ
810 2144 845 2179 A
870 2144 1039 2180 Gaisford
1063 2143 1076 2190 Η
1099 2146 1318 2189 σημαίνουσα
1334 2142 1416 2187 AB,
1442 2146 1602 2189 σημαίνει
1616 2142 1699 2179 dett.
1724 2142 1896 2180 Gaisrord
1919 2142 1936 2191 Ι

375 2203 410 2237 in
435 2213 525 2237 voce
550 2204 790 2247 μεταβολικῶς
814 2202 882 2238 litt.
896 2213 986 2246 μετα
1010 2202 1138 2238 charta
1160 2201 1307 2238 novicia
1330 2202 1512 2238 obductae
1537 2205 1623 2238 sunt
1646 2202 1684 2238 in
1707 2199 1743 2236 A
1788 2202 1803 2248 Ι
1848 2202 1871 2238 6
1894 2201 1934 2238 in

374 2271 463 2295 voce
488 2261 692 2305 γεγράφθαι
716 2261 783 2296 litt.
809 2273 821 2295 ι
845 2261 973 2296 charta
1008 2260 1154 2296 novicia
1188 2260 1349 2296 obducta
1382 2263 1440 2296 est
1471 2260 1508 2296 in
1539 2260 1574 2295 A
1621 2260 1634 2306 Ι
1679 2260 1704 2295 8
1739 2262 1933 2306 exspectes

377 2320 484 2363 <και>
499 2321 534 2353 ὲν
568 2318 582 2365 ΙΙ
615 2320 637 2354 9
661 2319 699 2355 in
724 2329 814 2354 voce
838 2319 992 2363 τρόπους
1017 2318 1086 2354 litt.
1112 2329 1153 2363 ρο
1179 2318 1343 2354 fenestra
1357 2318 1513 2354 haustae
1530 2317 1670 2354 suntin
1685 2317 1721 2353 A
1765 2317 1780 2365 Ι
1828 2318 1872 2354 10
1894 2318 1933 2354 in

379 2388 466 2412 voce
490 2379 750 2422 καταλείπηται
773 2377 841 2412 litt.
855 2377 976 2422 ’πηται
999 2378 1129 2412 charta
1152 2377 1298 2412 novicia
1322 2377 1504 2412 obductae
1530 2377 1669 2412 suntin
1685 2375 1722 2412 A
1766 2375 1780 2422 Ι
1828 2377 1869 2412 11
1894 2375 1933 2412 in

377 2445 466 2470 voce
493 2435 680 2479 μετάβασις
717 2436 784 2471 litt.
811 2446 855 2479 με
884 2435 958 2479 legi
983 2437 1173 2480 nequeunt
1204 2434 1241 2470 in
1265 2434 1301 2470 A
1347 2434 1360 2480 ΙΙ
1406 2434 1443 2470 in
1467 2445 1558 2470 voce
1581 2434 1691 2468 τόπον
1714 2433 1835 2469 Ιίὶιον
1858 2433 1934 2479 legi

377 2497 565 2538 nequeunt
589 2494 626 2529 in
651 2494 685 2531 A
731 2493 743 2539 ΙΙ
793 2494 835 2529 13
858 2493 939 2539 ἤτοι
955 2494 1223 2538 <παραγραφῆ>
1249 2493 1368 2538 Bergk
1385 2493 1483 2538 apud
1499 2493 1771 2528 Thiemammm
1785 2491 1933 2528 Heliod.

377 2552 508 2586 colom.
534 2552 663 2597 reliqu.
701 2552 816 2596 (Halis
855 2552 958 2598 1869)
998 2563 1032 2597 p.
1064 2551 1110 2586 25
1146 2552 1230 2587 adn.
1265 2552 1288 2587 5
1339 2550 1353 2598 ΙΙ
1412 2551 1457 2586 14
1494 2551 1565 2597 <ἤ>
1602 2551 1685 2587 add.
1715 2550 1878 2587 Barbam
1918 2549 1934 2597 Ι

380 2610 421 2643 16
446 2610 619 2654 τυγχάνῃ]
655 2622 719 2655 τυγ
746 2636 752 2642 .
780 2636 787 2643 .
815 2635 823 2643 .
850 2622 883 2644 οι
913 2610 1043 2645 litteris
1068 2609 1136 2655 χοίν
1161 2610 1290 2646 charta
1314 2610 1458 2645 novicia
1481 2609 1649 2645 obductis
1673 2608 1709 2644 A
1753 2609 1767 2655 Ι
1815 2608 1858 2645 17
1893 2607 1932 2644 in

378 2678 466 2702 voce
502 2665 570 2702 οὐκ
602 2668 671 2703 litt.
709 2665 749 2703 οὐ
782 2668 855 2713 legi
886 2671 1074 2713 nequeunt
1103 2668 1141 2703 in
1171 2668 1207 2703 A
1251 2668 1264 2715 [1
1311 2668 1349 2703 in
1385 2678 1476 2703 voce
1512 2667 1671 2713 δηλῶσαι
1705 2667 1774 2704 litt.
1798 2677 1837 2703 αι
1858 2665 1932 2711 legi

377 2729 566 2770 nequeunt
591 2726 627 2760 in
652 2726 699 2761 A.

490 2853 729 2899 Testimonia]
761 2853 957 2889 9—XXX1
973 2855 995 2889 3
1013 2854 1129 2889 schol.
1147 2853 1268 2889 Aldin.
1287 2853 1333 2888 ad
1349 2853 1409 2888 Ar.
1427 2853 1523 2889 Plut.
1538 2853 1608 2888 253
1624 2851 1672 2898 (p.
1685 2852 1774 2888 338·
1791 2850 1932 2888 41-54

378 2910 434 2945 ed.
459 2910 613 2956 Duebn.)
662 2911 675 2956 ΙΙ
722 2911 858 2946 13—15
893 2913 1009 2947 schol.
1045 2912 1166 2947 Aldin.
1204 2911 1250 2946 ad
1287 2911 1348 2947 Ar.
1378 2911 1474 2947 Plut.
1498 2911 1567 2946 253
1601 2910 1651 2956 (p.
1674 2910 1762 2946 338·
1791 2910 1932 2945 32-34

377 2967 483 3011 Dbn.)
509 2970 546 3002 ὲν
570 2971 610 3003 δὲ
634 2974 710 3010 ταῖς
736 2973 904 3012 στροφαῖς
927 2972 991 3003 καί
1015 2966 1261 3014 ἀντιστροφαῖς
1290 2971 1353 3003 καί
1375 2970 1419 3012 τῇ
1444 2968 1574 3013 μεταξὺ
1597 2967 1730 3002 τούτων
1753 2969 1822 3002 τῶν
1845 2962 1930 3003 ὑπο-

375 3026 502 3067 κριτῶν
526 3026 677 3069 περιόδῳ
702 3025 939 3070 παράγραφος
962 3028 1108 3069 τίθεται,
1133 3025 1181 3067 ὡς
1199 3025 1413 3070 Ἡφαιστίων
1436 3028 1550 3071 φησίν.
