2196 3438
940 327 994 373 79

64 480 93 533 ,ᾗ
133 468 137 470 ’
184 468 600 527 sme„..P⁸tet
617 467 751 524 igitur
770 465 1060 525 ἀπολελυμένα
1089 466 1297 523 primitus
1328 478 1421 510 non
1451 466 1590 509 fuisse
1620 465 1747 521 quasi

183 537 373 584 stema
415 539 642 595 quoddam
684 537 1049 593 philosophicum
1094 549 1148 579 eo
1194 535 1384 579 consilio
1428 535 1578 578 fictum
1617 538 1749 590 atque

186 605 431 659 definitum,
467 609 518 650 ut
555 606 709 649 omnia
746 605 947 649 carmina
985 604 1050 647 eis
1090 604 1421 656 subicerentur,
1460 616 1574 659 quae
1609 601 1751 659 σχέσιν

184 674 458 729 *fluet-ent,
505 676 586 719 sed
630 678 801 719 certum
845 674 1071 729 quoddam
1111 673 1360 716 carminum
1397 686 1558 727 genus:
1597 686 1623 715 a
1661 686 1748 727 quo

185 754 290 797 nn
317 744 469 788 aliena
498 747 654 788 essent
683 741 858 801 μετριαὰ
887 739 1064 795 ἄτακτα,
1095 742 1292 797 speciem
1321 741 1401 784 τῶν
1431 739 1750 798 ἀπολελυμὲνων

184 811 367 860 ὥστε
394 827 490 859 uon
518 815 775 870 potuerunt.
835 811 1050 856 Carmina
1082 811 1126 863 ἐξ
1155 806 1308 868 ὁμοίων
1326 810 1634 866 Westphalius
1666 810 1694 854 l.
1715 823 1752 853 c.

184 883 339 940 ΝΜ
357 896 428 939 sq.
450 895 640 939 prorsus
660 895 688 925 a
708 881 984 925 carminibus
1003 878 1115 923 κατὰ
1134 879 1278 936 σχέσιν
1299 879 1547 935 segregavit
1574 879 1751 935 duoque

183 951 283 1003 m:
310 949 632 1008 ἀπολιλυμένων
675 963 840 1006 genera
882 950 1010 993 finxit
1054 947 1344 1005 ἀπολελυμένα
1381 947 1425 1000 ἐξ
1465 946 1668 1005 ἀνομοίων
1706 950 1751 990 et

186 1017 482 1077 ωελιιμίνα
509 1018 554 1071 ἐξ
583 1016 749 1076 ὁμοίων.
817 1018 915 1070 Qua
953 1018 1211 1061 coniectura
1249 1017 1288 1059 si
1332 1020 1508 1060 tantum
1543 1016 1752 1071 Hephae-

186 1088 355 1136 sunnis
380 1087 634 1132 doctrinam
665 1088 765 1143 ipsa
794 1087 890 1130 eius
920 1087 1058 1130 verba
1096 1088 1156 1141 (p.
1187 1086 1283 1129 XIV
1318 1087 1334 1128 1
1371 1087 1486 1141 sqq.)
1525 1083 1597 1127 ἐὰν
1635 1098 1752 1127 τετα-

185 1155 338 1216 m
362 1155 545 1214 ἀριθμὸς
572 1155 616 1214 ᾗ,
647 1155 727 1200 οὐκ
749 1156 857 1199 ἔστιν
880 1155 924 1208 ἐξ
946 1154 1118 1212 ὁμοίων,
1150 1150 1260 1197 ἀλλὰ
1281 1153 1394 1197 κατὰ
1413 1154 1556 1211 σχέσιν
1572 1157 1751 1198 secutus

187 1225 644 1282 fflxaeongruentem
683 1226 872 1269 reddere
910 1225 1092 1279 studuit,
1133 1224 1436 1279 Westphalius
1479 1224 1596 1267 bene
1635 1223 1751 1274 fecit,

186 1294 275 1344 ed
296 1292 430 1341 aliter
466 1291 757 1339 iudicandum
787 1298 857 1338 est
885 1307 1038 1337 veram
1069 1293 1319 1336 carminum
1358 1292 1402 1345 ἐξ
1430 1291 1584 1350 ὁμοίων
1622 1292 1754 1335 indo-

187 1365 282 1411 hu
306 1363 547 1421 spectanti.
605 1363 883 1419 Hephaestio
915 1376 1097 1406 carmen
1126 1363 1369 1414 Alcaicum‚
1401 1363 1565 1417 quippe
1596 1362 1642 1404 in
1664 1374 1752 1416 quo

188 1431 334 1492 οχᾶσις
360 1433 554 1485 inesset,
593 1446 649 1476 ex
678 1432 758 1476 τῶν
788 1431 832 1484 ἐξ
861 1430 1013 1488 ὁμοίων
1050 1444 1238 1474 numero
1277 1431 1480 1483 seclusit,
1520 1432 1605 1474 etsi
1641 1430 1755 1473 alios

186 1501 320 1548 alitur
357 1501 560 1546 sensisse
591 1501 868 1557 significavit.
877 1502 911 1556 ¹)
970 1501 1061 1545 Sed
1106 1501 1212 1556 quid
1258 1500 1449 1543 interest
1492 1500 1611 1543 inter
1650 1499 1757 1542 illud

188 1583 373 1617 armen
417 1573 462 1615 et
507 1584 689 1615 carmen
733 1584 838 1613 vere
875 1569 919 1622 ἐξ
956 1568 1138 1626 ὀμοίωνῗ
1195 1569 1315 1612 Nihil
1351 1569 1440 1612 nisi
1471 1569 1592 1624 quod
1620 1582 1757 1625 περιο-

187 1638 329 1699 μᾳοί
354 1640 403 1685 in
432 1640 519 1684 hoc
551 1642 656 1683 sunt
685 1637 831 1690 ἄνισοι,
862 1638 909 1681 in
940 1638 1017 1681 illo
1047 1638 1140 1680 ἴσοι.
1208 1637 1418 1680 Ceterum
1456 1638 1755 1692 componendi

188 1709 324 1763 ratio,
353 1709 403 1753 in
431 1722 520 1765 qua
550 1708 790 1763 singularis
821 1707 1070 1750 carminum
1106 1704 1150 1757 ἐξ
1178 1703 1331 1762 ὁμοίων
1367 1706 1573 1749 condicio
1609 1706 1757 1761 posita

187 1770 281 1832 ed,
322 1781 371 1822 et
411 1778 488 1823 hic
531 1781 576 1821 et
614 1777 705 1821 illic
743 1777 867 1820 iuxta
905 1776 1183 1819 observatur.
1242 1775 1370 1818 Unde
1402 1775 1508 1830 quid
1539 1775 1756 1819 efficitur?

186 1846 343 1904 Its-qui
363 1847 614 1891 carminum
635 1859 803 1901 genera
823 1843 935 1888 κατὰ
965 1844 1107 1901 σχέσιν
1128 1848 1172 1888 et
1191 1842 1485 1900 ἀπολελυμένα
1505 1845 1757 1899 proposuit,

190 1915 392 1962 nomina
419 1915 466 1968 Ᾰξ
493 1914 647 1973 ὁμοίων
681 1915 868 1958 omnino
899 1914 1107 1969 neglexit.
1175 1914 1340 1956 Postea
1378 1913 1455 1956 alii
1490 1913 1577 1956 hoc
1615 1926 1756 1967 genus

191 1984 241 2029 in
268 1984 574 2029 fundamentis
605 1985 739 2038 longe
769 1983 959 2027 diversis
997 1983 1196 2038 positum
1242 1995 1342 2024 cum
1382 1982 1468 2024 illis
1509 1982 1757 2026 carminum

190 2053 431 2110 generibus
461 2053 726 2096 consociare
757 2052 984 2095 diversum
1015 2052 1062 2094 in
1091 2051 1276 2094 modum
1306 2063 1491 2106 operam
1519 2051 1757 2093 navabant.

306 2133 374 2178 Ex
418 2133 668 2177 carminum
710 2130 823 2174 κατὰ
866 2130 1010 2188 σχέσιν
1055 2131 1290 2186 speciebus
1330 2131 1386 2173 de
1430 2130 1630 2186 epodicis
1670 2131 1757 2174 iam

193 2214 332 2259 supra
358 2202 566 2246 disserui.
626 2201 815 2245 Generis
846 2204 890 2244 et
919 2213 1086 2243 nomen
1117 2204 1162 2243 et
1192 2199 1543 2254 descriptionem
1571 2200 1629 2243 ad
1650 2213 1758 2256 epo-

193 2270 397 2316 dicorum
426 2271 607 2328 proprie
639 2270 862 2314 dictorum
893 2269 1231 2313 similitudinem
1259 2269 1361 2311 ficta
1387 2282 1488 2313 esse
1510 2282 1643 2312 nemo
1666 2282 1757 2312 non

193 2337 354 2385 viden
388 2340 536 2385 Etiam
567 2340 675 2383 illud
707 2339 981 2383 contendere
1011 2338 1155 2382 ausim
1194 2351 1317 2390 eum,
1356 2339 1430 2394 qui
1470 2338 1759 2394 epodicorum

194 2409 371 2467 species
401 2410 572 2463 statuit,
603 2422 696 2453 non
726 2412 819 2452 tam
851 2408 895 2451 id
927 2408 1086 2463 egisse,
1117 2410 1166 2451 ut
1191 2420 1304 2463 quae
1326 2407 1575 2451 carminum
1596 2420 1760 2463 genera

191 2478 312 2536 apud
338 2481 499 2535 poetas
538 2480 849 2530 occurrerent,
901 2477 947 2520 in
983 2490 1122 2520 unum
1153 2476 1379 2519 conferret
1409 2479 1454 2519 et
1483 2476 1758 2532 disponeret,

193 2546 276 2591 sed
303 2550 354 2591 ut
383 2547 536 2591 omnia
567 2547 798 2591 schemata
829 2546 1097 2598 exhauriret,
1129 2558 1440 2601 quaecunque,
1477 2546 1554 2589 ubi
1585 2545 1758 2588 duabus

191 2615 379 2673 paribus
410 2615 612 2671 strophis
644 2629 744 2659 sese
777 2614 1104 2670 excipientibus
1143 2627 1233 2657 una
1271 2616 1347 2656 aut
1387 2614 1500 2657 duae
1546 2614 1760 2669 strophae

193 2684 252 2729 ab
280 2685 348 2728 eis
378 2683 584 2728 diversae
613 2684 852 2737 adduntur,
883 2683 1071 2727 evadere
1107 2681 1353 2738 possunt.²)

314 2850 343 2898 ι)
357 2850 530 2896 Ἄπειρον,
555 2861 665 2897 quem
685 2848 915 2896 Hephaestio
933 2851 1209 2889 commemorat.
1234 2847 1349 2883 fuisse
1366 2846 1617 2889 Heliodorum,
1635 2857 1760 2895 quam-

194 2908 251 2946 vis
274 2908 440 2956 proclive
464 2909 513 2945 sit
538 2908 730 2955 suspicari.
757 2907 860 2943 nullo
886 2906 1099 2943 testimonio
1125 2906 1397 2952 comprobatur.

309 2966 341 3014 ¹)
365 2967 474 3004 Velut
505 2966 725 3012 παλινφδικά
760 2967 926 3012 profecto
963 2976 1037 3002 non
1075 2965 1159 3001 ideo
1197 2965 1400 3011 proposuit.
1437 2965 1524 3010 quia
1562 2965 1598 3001 in
1630 2965 1761 3001 Aesch.

196 3026 360 3073 ehoeph.
386 3036 418 3062 v.
443 3026 607 3062 422-53
633 3026 816 3070 leguntur,
842 3024 907 3059 sed
934 3028 973 3059 ut
998 3023 1122 3059 omnia
1147 3033 1283 3068 genera
1307 3023 1527 3059 absolveret.
