2196 3438
1194 324 1365 387 102>

454 463 771 507 intercedente.
834 461 949 516 Ergo
989 462 1142 515 procul
1182 461 1317 505 dubio
1358 474 1457 504 cum
1493 460 1635 504 Keilio
1676 461 1915 507 statuenda
1942 462 2014 506 est

453 534 612 576 lacuna
650 535 753 574 ante
800 531 888 582 „ita
933 534 1007 572 ut“
1046 532 1090 572 et
1129 542 1228 573 cum
1268 530 1554 574 Thiemanno
1593 530 1882 575 inserendum
1913 532 2012 584 „et“

453 604 558 644 ante
580 598 807 656 ,,ἐπῳδός“.
858 600 905 642 ln
937 599 1169 642 enuntiato
1202 602 1277 651 „ut
1308 600 1368 642 sit
1397 601 1474 642 aut
1504 595 2013 656 iodperpoc--rbythmo

454 671 735 714 subsistens“
760 670 823 712 sic
845 672 893 711 ut
916 668 1131 723 scriptum
1158 672 1225 711 est
1248 668 1496 712 subiectum
1519 681 1620 711 esse
1641 670 1820 724 oportet
1839 668 2015 726 „pu-io·

454 740 579 783 dus“.
640 740 729 781 Sed
762 751 859 781 cum
894 738 996 781 huic
1026 750 1183 792 parum
1215 741 1319 793 apta
1346 738 1436 781 sint
1465 738 1601 781 verba
1622 737 1850 793 „quolibet
1868 739 2014 783 metro

455 822 532 852 seu
573 809 780 864 rhythmo
813 807 1108 858 subsistens“,
1153 806 1431 862 probabilius
1471 807 1646 850 videtur
1674 820 1717 862 p.
1747 807 1818 860 58,
1852 806 1904 851 19
1930 818 2015 863 pro

455 880 705 931 „habeant“
737 876 1046 931 Aphthonium
1079 876 1317 931 scripsisse
1349 877 1582 929 „habeat“,
1622 875 1683 919 ita
1717 878 1767 920 ut
1797 875 2015 922 enuntiati

457 949 571 991 illius
604 947 853 990 subiectum
885 946 942 989 sit
973 946 1149 998 „omnis
1181 948 1225 988 et
1255 944 1415 1002 στροφή
1447 949 1491 989 et
1522 943 1789 1002 ἀντίστροφος
1825 947 1871 989 et
1905 943 2016 1002 ἰπφ·

454 1015 572 1069 δός“;
618 1017 671 1059 cf.
711 1017 941 1059 Fortunat.
987 1029 1029 1070 p.
1068 1015 1134 1067 17,
1167 1016 1221 1058 22
1261 1028 1326 1070 sq.
1393 1015 1441 1057 ln
1481 1015 1713 1058 enuntiato
1759 1013 2016 1071 insequenti

455 1086 598 1129 oratio
631 1085 724 1127 hiat
756 1084 872 1127 inter
903 1083 1195 1135 ‚,dissimilia“
1228 1086 1271 1126 et
1302 1083 1378 1136 „in
1408 1083 1615 1138 proxima
1639 1082 1830 1138 epodo“.
1879 1081 2017 1127 Thie-

456 1167 647 1198 mannus
680 1153 861 1209 scripsit
891 1153 983 1205 „sic
1015 1156 1059 1196 et
1098 1153 1308 1207 strophes
1355 1152 1473 1204 cola,
1519 1165 1619 1195 cum
1660 1152 1751 1196 sint
1780 1151 2018 1196 dissimilia

454 1225 602 1280 <inter
633 1236 694 1275 se,
727 1223 891 1266 similia
922 1222 1057 1277 sunt>
1095 1222 1142 1265 in
1172 1222 1379 1277 proxima
1415 1221 1602 1276 periodo
1643 1221 1872 1266 subiectae
1909 1220 2018 1266 tria-

456 1295 580 1345 dos“‚
614 1293 693 1335 sed
724 1292 858 1335 nimis
895 1292 1107 1335 audacter
1136 1304 1219 1346 pro
1252 1290 1455 1346 „epodo“
1493 1290 1723 1334 substituit
1761 1289 2018 1346 „periodo“.

456 1363 645 1418 Propius
683 1376 709 1405 a
746 1361 962 1405 Victorini
1003 1360 1229 1404 sententia
1274 1361 1435 1403 abesse
1479 1359 1654 1403 videtur
1690 1359 1820 1403 Keilii
1865 1371 2019 1404 emen-

456 1433 597 1483 datio,
644 1444 776 1487 quam
813 1430 1020 1486 probavit
1055 1431 1240 1474 Caesar:
1287 1429 1381 1482 „sic
1422 1432 1465 1471 et
1512 1429 1720 1483 strophes
1759 1429 1872 1482 cola,
1917 1441 2019 1473 cum

459 1502 550 1545 sint
588 1499 843 1551 dissimilia,
888 1500 1068 1554 <tamen
1107 1498 1419 1553 antistrophae
1459 1497 1623 1540 similia
1661 1499 1766 1540 sunt
1800 1500 1846 1541 et
1873 1496 2019 1553 epodo

459 1571 704 1614 redduntur
749 1568 942 1622 similia>
988 1569 1033 1611 in
1077 1568 1285 1623 proxima
1331 1567 1476 1622 epodo
1527 1565 1756 1609 subiectae
1806 1566 2019 1611 triados.“

456 1642 682 1684 Lacunam
732 1652 864 1694 quam
915 1641 1019 1682 ante
1072 1638 1169 1689 „ita
1216 1640 1300 1681 ut“
1356 1635 1734 1691 deprehendimus
1783 1635 1904 1679 haud
1952 1635 2021 1679 in—

457 1709 691 1753 commode
732 1708 1008 1763 suppleveris
1047 1709 1167 1750 hunc
1203 1708 1249 1751 in
1285 1707 1492 1750 modum:
1539 1705 1816 1760 „appellatur
1857 1702 2021 1762 <τριάςι

458 1782 501 1822 et
533 1778 748 1833 repetitur
786 1777 909 1831 tota>
944 1774 1097 1833 tptd;“,
1145 1777 1225 1820 sed
1267 1778 1453 1831 propter
1489 1774 1799 1819 Fortunatiani
1838 1786 2021 1819 enarra-

456 1849 626 1891 tionem
657 1848 717 1902 (p.
753 1847 816 1898 17,
852 1847 1049 1901 19—22)‚
1086 1846 1141 1888 de
1178 1845 1304 1888 cuius
1344 1858 1444 1887 cum
1484 1843 1712 1887 Victorino
1752 1843 2020 1899 cognatione

457 1917 563 1971 dixi,
593 1915 903 1972 Aphthonium
933 1916 1006 1959 hic
1037 1919 1081 1959 et
1111 1915 1166 1958 de
1196 1914 1383 1970 periodo
1415 1917 1459 1957 et
1490 1914 1683 1957 sortasse
1712 1912 1768 1956 de
1787 1911 2018 1968 proodicis

457 1989 588 2042 atque
620 1986 863 2029 mesodicis
895 1986 1031 2029 verba
1063 1985 1224 2028 fecisse
1257 1983 1537 2027 crediderim.

571 2056 679 2098 Post
709 2056 891 2099 brevem
922 2055 978 2099 de
1009 2054 1276 2110 syllabarum
1316 2052 1557 2096 divisarum
1597 2055 1642 2095 et
1680 2051 2023 2095 coniuncturum

459 2125 755 2180 responsione
786 2124 1115 2179 digressionem
1147 2126 1393 2178 sequuntur
1423 2124 1663 2178 praecepta
1693 2134 1806 2176 quae
1835 2120 1894 2164 ad
1925 2132 2023 2165 car-

459 2195 581 2237 mina
617 2193 946 2248 monostropha
991 2195 1209 2247 spectant.
1278 2191 1587 2234 Thiemannus
1626 2190 1654 2232 1.
1691 2203 1728 2233 c.
1765 2203 1809 2245 p.
1837 2189 1920 2233 431
1955 2202 2022 2245 sq.

460 2264 595 2306 verba
626 2263 716 2314 „ita
746 2265 794 2305 ut
824 2286 878 2293 -
912 2261 1218 2305 servabimus“
1257 2261 1317 2315 (p.
1348 2260 1418 2312 58,
1453 2260 1648 2311 18—59,
1679 2259 1724 2314 5)
1762 2258 2026 2303 collocanda

459 2347 560 2376 esse
591 2332 762 2387 putavit
790 2334 895 2386 post
924 2345 966 2386 p.
998 2332 1066 2383 59,
1098 2329 1156 2373 24
1191 2330 1267 2383 „in
1299 2329 1455 2384 epodis
1488 2342 1622 2383 saepe
1661 2327 1906 2372 fecerunt“.
1965 2327 2026 2371 At

460 2402 637 2445 fallitur.
698 2401 809 2444 Nam
839 2401 964 2455 prius
997 2399 1278 2443 enuntiatum
1316 2399 1374 2453 (p.
1407 2398 1476 2451 58,
1511 2398 1695 2452 18—23)
1733 2410 1787 2440 eo
1826 2409 1916 2452 quo
1946 2409 2024 2440 ex-

460 2475 633 2514 aratum
679 2474 748 2513 est
791 2471 893 2513 loco
940 2483 1033 2512 non
1072 2469 1207 2511 modo
1250 2482 1342 2511 non
1381 2479 1766 2523 supervacaneum
1809 2468 1900 2519 est,
1943 2465 2025 2509 sed

459 2553 603 2595 paene
634 2540 961 2591 necessarium,
1001 2539 1191 2581 alterum
1232 2550 1378 2593 neque
1416 2537 1492 2580 ubi
1532 2549 1651 2579 nunc
1682 2535 1841 2591 legitur
1870 2536 2024 2590 aptum

462 2613 530 2652 est
568 2622 711 2663 neque
757 2609 831 2651 ubi
878 2607 1187 2651 Thiemannus
1230 2606 1394 2662 posuit.
1460 2605 1550 2649 Sed
1587 2605 1723 2648 verba
1761 2603 1852 2656 „ita
1889 2605 1939 2647 ut
1967 2627 2024 2633 —
2068 2651 2074 2657 ,

462 2679 659 2722 triados⁴⁶
692 2678 750 2732 (p.
783 2678 852 2730 58,
885 2678 1068 2731 18—23)
1105 2679 1209 2731 post
1244 2690 1287 2730 p.
1318 2676 1387 2727 59,
1418 2676 1475 2718 24
1512 2688 1569 2718 ne
1611 2676 1804 2729 possunt
1844 2672 2025 2728 quidem

465 2747 582 2789 ferri.
620 2747 732 2790 Nam
753 2747 984 2790 enuntiato
1007 2747 1104 2799 „cui
1125 2745 1329 2789 varietati
1344 2769 1401 2776 —
1417 2745 1649 2800 iungatur“
1676 2743 1735 2798 (p.
1752 2743 1821 2795 59,
1837 2742 2025 2796 21—22)

466 2830 555 2858 non
587 2816 868 2867 describitur,
900 2816 946 2858 id
977 2815 1095 2871 quod
1118 2815 1427 2858 Thiemannus
1457 2814 1653 2868 cogitare
1682 2812 1871 2864 videtur,
1901 2824 2026 2855 com-

464 2884 628 2938 positio
655 2885 766 2927 haec
795 2885 940 2927 AAB
973 2885 1116 2927 AAB
1139 2916 1268 2935 .....
1300 2883 1512 2926 sedhaec
1542 2880 2024 2925 AABBCC...D.

578 2954 625 2995 In
671 2953 1099 3007 monostrophorum
1144 2953 1448 3007 descriptione
1495 2965 1537 3006 p.
1578 2952 1646 3002 59,
1690 2950 1816 2993 6-7
1863 2948 2026 2992 iniuria

467 3022 663 3064 Hensius
694 3022 791 3074 (HU
821 3036 864 3077 p.
899 3022 977 3065 133
1010 3025 1054 3065 et
1083 3022 1138 3064 de
1170 3022 1275 3064 Iuba
1309 3021 1336 3064 l.
1369 3021 1424 3075 c.)
1462 3021 1662 3064 offensus
1701 3021 1771 3061 est
1808 3017 2026 3063 vocabulo
