2196 3438
1084 375 1131 379 „-
1184 316 1263 358 118

440 454 702 509 praesertim
735 454 897 510 placita
929 453 1005 497 illa
1035 454 1279 498 Ptolemaei
1312 454 1358 497 in
1390 454 1593 509 plurimis
1625 454 2002 510 explicationibus

440 523 735 567 adnectantur
761 522 1017 566 huiusmodi
1041 523 1343 567 locutionibus
1360 523 1481 566 velut
1496 519 1808 580 ὠνομάσθησαν
1826 523 1875 567 δδ
1893 520 2003 568 οὕτω

440 591 529 635 κτλ.
547 592 677 646 (rhet.
695 606 758 646 gr.
777 592 810 634 V
823 593 908 635 510
922 592 1059 647 adn.).
1101 592 1358 636 Carminum
1379 591 1490 635 κατὰ
1510 590 1743 649 περικοπὴν
1757 592 2003 638 divisiones

443 676 482 716 p.
505 662 574 713 59,
596 662 736 704 8-23
766 662 934 705 bonam
966 661 1264 705 eruditionem
1296 661 1502 705 redolent
1531 663 1575 705 et
1606 663 1764 706 notatu
1792 660 2004 717 dignissi-

442 743 562 774 mum
594 733 664 773 est
695 731 770 773 illa
801 744 913 785 quae
944 730 1063 785 apud
1093 730 1477 786 Hephaestionem
1507 730 1675 774 frustra
1703 730 2004 787 quaesivimus

443 799 693 843 carminum
722 812 888 853 genera
915 799 996 843 AA
1017 800 1091 843 BB
1123 832 1134 843 .
1156 833 1166 843 .
1190 833 1199 843 .
1231 802 1277 843 et
1304 800 1383 844 AA
1406 799 1477 843 BB
1500 800 1548 851 C,
1579 800 1698 855 apud
1726 799 2006 845 Victorinum

441 868 607 912 diserte
624 868 968 911 commemorari
985 882 1228 924 eorumque
1237 868 1442 920 alterum,
1462 869 1500 912 si
1518 868 1654 912 modo
1666 871 1786 913 recte
1802 869 2007 914 lacunam

442 952 483 992 p.
514 938 582 988 59,
615 938 668 980 18
703 937 918 992 supplevi,
955 938 1091 982 etiam
1121 940 1244 981 certo
1275 938 1386 981 artis
1418 938 1602 981 nomine
1632 938 1762 982 affici.
1819 936 2008 995 mma&

441 1005 604 1048 ἄτακτα
634 1019 661 1049 a
691 1006 890 1050 metricis
922 1005 1075 1049 latinis
1108 1019 1201 1049 non
1229 1009 1651 1050 commemorantur.
1710 1006 1864 1063 Neque
1885 1006 2007 1052 enim

443 1075 500 1118 ad
548 1088 626 1118 eos
671 1074 958 1130 pertinebant
1003 1075 1110 1119 talia
1155 1075 1478 1130 epigrammata
1522 1076 1652 1131 quale
1696 1076 2008 1121 Simonideum

444 1143 551 1187 illud
595 1144 652 1187 ab
691 1144 1028 1199 Hephaestione
1074 1158 1117 1199 p.
1156 1145 1192 1187 V
1225 1146 1261 1187 1.
1291 1144 1387 1188 XIII
1421 1146 1440 1188 1
1480 1145 1736 1189 excitatum.
1794 1146 2008 1202 Margitae

443 1213 704 1257 testimonio
743 1213 1093 1257 Fortunatianus
1131 1228 1175 1270 p.
1214 1215 1255 1265 8,
1297 1214 1348 1257 16
1387 1228 1485 1270 sqq.
1530 1215 1825 1270 comprobare
1868 1214 2010 1260 voluit

444 1282 684 1326 iambicum
730 1283 958 1326 senarium
1008 1283 1099 1326 iam
1141 1283 1339 1326 Homero
1385 1283 1432 1326 in
1483 1296 1569 1327 usu
1613 1283 1774 1337 fuisse,
1824 1284 1906 1329 sed
1952 1283 2010 1328 de

445 1352 657 1407 singulari
696 1352 827 1395 huius
874 1352 1087 1395 carminis
1132 1352 1463 1407 compositione
1508 1366 1566 1396 ne
1603 1353 1788 1397 verbum
1830 1353 2010 1409 quidem

446 1421 610 1465 emisit.
669 1421 846 1477 Reliqui
878 1422 1169 1465 metricorum
1199 1422 1440 1465 latinorum
1475 1422 1576 1475 loci,
1615 1422 1777 1478 quibus
1806 1422 1864 1467 de
1890 1423 2009 1469 Mar-

446 1491 537 1545 gita
581 1490 726 1545 agitur
771 1491 859 1544 (GL
904 1491 959 1533 VI
998 1491 1066 1542 68,
1109 1491 1174 1534 14.
1214 1491 1282 1542 79,
1323 1491 1389 1533 12.
1433 1491 1526 1543 133,
1557 1491 1626 1534 31.
1664 1491 1764 1544 633,
1792 1492 1850 1535 28
1879 1494 2008 1548 sqq.),

446 1573 603 1603 omnes
625 1560 682 1603 ad
703 1560 1056 1603 Thacomestum
1078 1559 1224 1602 redire
1244 1558 1466 1603 videntur.
1510 1560 1699 1604 Assecla
1718 1563 1816 1605 erat
1830 1560 2008 1605 Thaco-

445 1633 615 1673 mestus
647 1629 742 1672 eius
785 1629 1039 1680 doctrinae,
1078 1642 1166 1684 qua
1204 1629 1405 1672 omnium
1443 1633 1689 1674 metrorum
1718 1630 1845 1686 origo
1874 1630 2008 1675 duce-

444 1699 576 1742 batur
605 1699 662 1741 ab
694 1699 878 1742 heroico
909 1699 1172 1742 hexametro
1204 1701 1249 1742 et
1278 1698 1472 1742 iambico
1504 1699 1683 1742 senario
1712 1699 1922 1754 primitus
1950 1712 2008 1744 ne

447 1768 555 1823 ipsis
602 1767 781 1822 quidem
828 1768 945 1810 inter
985 1781 1033 1811 se
1072 1767 1318 1822 diversis.¹)
1386 1769 1536 1823 Itaque
1583 1771 1839 1824 „tamquam
1873 1782 2008 1824 pares

449 1839 660 1880 numero“
707 1838 767 1892 (p.
806 1837 876 1888 68,
919 1837 987 1891 15)
1033 1850 1188 1880 versus
1235 1837 1336 1880 illos
1382 1838 1439 1880 ab
1483 1838 1682 1881 Homero
1732 1838 1779 1881 in
1820 1838 2010 1894 Margita

447 1907 611 1949 mixtos
643 1906 781 1949 fuisse
813 1906 943 1949 docet
974 1909 1019 1949 et
1045 1906 1292 1949 Homerum
1323 1906 1471 1961 ipsum
1501 1907 1597 1950 iure
1626 1908 1765 1951 totius
1795 1908 2008 1952 metricae

448 1975 713 2030 disciplinae
744 1975 915 2018 fontem
946 1978 1079 2030 atque
1111 1975 1330 2030 originem
1361 1975 1503 2030 dici2).
1552 1976 1706 2032 Neque
1737 1976 1939 2020 carmina
1965 1976 2011 2030 ἐξ

447 2043 598 2101 ὁμοίων
629 2043 827 2087 metricis
862 2044 1013 2087 latinis
1050 2047 1159 2087 nota
1197 2047 1323 2097 sunt,
1369 2045 1451 2088 sed
1494 2045 1628 2088 aliam
1666 2045 1714 2088 in
1750 2045 2009 2091 huiusmodi

448 2113 721 2157 carminibus
753 2113 1030 2169 explicandis
1062 2127 1268 2157 normam
1299 2114 1441 2158 secuti
1473 2117 1590 2158 sunt.
1650 2114 1700 2157 In
1730 2115 2010 2161 Varroniana

449 2183 567 2226 enim
600 2182 852 2237 disciplina,
884 2196 985 2226 cum
1014 2183 1223 2238 primitus
1253 2183 1392 2239 pedes
1424 2197 1526 2227 esse
1547 2184 1860 2228 tantummodo
1880 2185 2010 2229 bina-

451 2266 546 2295 rum
579 2255 622 2294 et
652 2255 882 2295 ternarum
915 2252 1185 2308 syllabarum
1222 2256 1480 2305 censerent,
1519 2253 1692 2297 ionicos
1729 2267 1886 2299 versus
1912 2267 2010 2299 ‘non

448 2325 590 2365 metra
621 2334 722 2364 esse
754 2321 981 2373 dixerunt,
1022 2322 1102 2365 sed
1138 2335 1351 2366 numeros
1390 2323 1650 2376 continuos,
1689 2324 1764 2378 qui
1798 2337 1880 2379 per
1909 2337 2010 2379 syn-

449 2391 627 2445 aphiam
668 2390 899 2441 cederent;
946 2391 999 2434 cf.
1045 2392 1149 2435 Ter.
1194 2392 1332 2435 Maur.
1377 2406 1418 2435 v·
1461 2392 1568 2435 1512
1606 2406 1702 2448 sqq.
1746 2393 1860 2437 2056
1897 2407 2009 2450 sqq„

450 2459 559 2501 Vict.
598 2473 639 2513 p.
679 2460 747 2511 91,
783 2460 811 2502 8
847 2473 944 2515 sqq.
1010 2460 1076 2502 De
1120 2461 1420 2516 anapaesticis
1466 2461 1766 2505 Terentianus
1811 2476 1851 2506 v.
1899 2462 2008 2506 1517

451 2529 559 2571 haec
607 2529 757 2571 docet:
804 2529 1120 2584 „anapaestica
1162 2530 1274 2573 fiunt
1320 2530 1474 2573 itidem
1512 2544 1592 2585 per
1627 2529 1907 2586 συνάφειαν;“
1953 2531 2008 2575 cf.

451 2598 665 2640 Thacom.
697 2597 815 2652 apud
838 2597 1002 2641 Victor.
1034 2612 1076 2653 p.
1098 2599 1167 2651 93,
1197 2600 1238 2642 4.
1269 2600 1338 2642 21.
1373 2600 1466 2651 129,
1497 2601 1551 2642 23
1583 2614 1680 2655 sqq.
1714 2600 1808 2652 131,
1837 2601 1868 2644 4
1896 2614 2008 2657 sqq„

452 2667 632 2709 Schultz
670 2680 712 2721 p.
743 2667 926 2719 28-30,
959 2668 1110 2711 Christ
1137 2667 1317 2711 Metrik²
1346 2682 1388 2723 p.
1417 2670 1486 2712 89.
1522 2670 1613 2712 101.
1650 2670 1742 2720 131,
1770 2669 2009 2713 Rossbach

453 2747 570 2789 spec.
602 2735 782 2778 Metrik³
811 2750 854 2790 p.
876 2737 959 2779 323
982 2750 1077 2791 sqq.
1124 2738 1274 2793 Itaque
1299 2738 1345 2780 in
1366 2738 1643 2781 Varroniana
1663 2740 1784 2781 certe
1804 2737 2010 2782 doctrina

571 2896 595 2933 ¹)
621 2899 665 2931 cf.
692 2907 787 2941 quae
813 2897 886 2932 dixi
911 2909 945 2942 p.
972 2900 1026 2932 90.

569 2966 598 3009 ²)
623 2966 730 3001 Haud
756 2966 833 3001 scio
859 2977 905 3001 an
932 2968 979 3002 ab
1003 2968 1178 3012 Margitae
1202 2969 1373 3009 carmine,
1400 2969 1500 3013 quod
1524 2968 1756 3006 Homericum
1779 2972 2008 3014 putaverunt,

454 3026 531 3060 tota
555 3028 751 3060 metrorum
778 3025 1025 3062 derivatorum
1051 3026 1246 3073 disciplina
1270 3027 1436 3072 profecta
1459 3027 1516 3066 sit.
