2196 3438
1247 306 1297 348 12

494 447 615 487 tutos
656 445 742 487 iam
780 445 1220 488 Hoerschelmannus
1258 446 1376 487 recte
1413 443 1607 496 censuit,
1645 445 1726 488 sed
1773 457 1873 493 cum
1908 445 2046 491 etiam

496 513 798 568 Westphalius
831 515 969 557 multo
1000 514 1100 569 plus
1132 527 1265 569 quam
1296 513 1448 557 debuit
1484 513 1542 557 ad
1572 514 1689 558 hanc
1719 514 1911 559 classem
1940 526 2043 561 sese

496 582 797 638 applicaverit,
828 582 982 637 paucis
1014 582 1230 638 exemplis
1261 596 1374 638 quae
1405 582 1497 626 dixi
1528 582 1849 638 comprobabo.

608 663 738 715 Quod
768 678 810 718 p.
840 664 881 715 4,
917 665 934 706 1
970 663 1018 706 G.
1050 663 1109 717 (4,
1139 663 1166 706 6
1197 664 1285 718 W.)
1316 663 1362 706 in
1394 661 1437 705 Y
1459 662 1620 718 legitur
1638 661 1883 721 Τιμοκρᾶων
1902 662 2049 716 ἐντοῖς

498 730 801 789 ἐπιγράμμασιν
835 745 918 787 pro
956 730 1255 789 Τιμοκρέοντος
1293 731 1343 775 ἐκ
1371 732 1451 776 τῶν
1481 730 1801 790 ἐπιγραμμάπυν
1829 733 1950 790 wod
1977 734 2049 777 est

497 800 542 842 in
572 799 666 852 AB,
698 814 887 856 quorum
918 801 1050 844 lectio
1081 801 1257 844 abunde
1288 801 1541 846 defenditur
1570 801 1720 845 verbis
1756 815 1802 858 p.
1841 801 1912 855 29,
1944 802 1963 846 1
1994 801 2046 846 G.

500 869 575 922 (16,
598 871 625 911 9
656 870 743 924 W.)
773 868 1001 926 Σιμωνίδου
1023 870 1074 912 ἐκ
1093 874 1174 913 τῶν
1194 869 1528 927 ἐπιγραμμάτων,
1539 871 1569 925 ¹)
1601 884 1627 913 a
1657 869 1915 926 Byzantinis
1946 882 2047 915 esse

495 939 744 993 profectum
785 953 876 982 non
916 939 1025 994 fugit
1061 939 1257 983 editores
1296 953 1440 995 neque
1485 939 1718 995 quisquam
1764 952 1808 995 p.
1839 938 1908 992 41,
1938 939 1965 983 3
1994 939 2046 984 G.

494 1008 580 1059 (22,
615 1008 666 1050 18
698 1008 784 1063 W.)
831 1008 989 1051 classis
1043 1006 1087 1050 Y
1124 1008 1480 1052 additamentum
1524 1007 1654 1065 ἤγουν
1699 1006 1970 1066 ἀμφίμαπιρον
1995 1007 2046 1053 in

494 1079 663 1119 textum
703 1077 900 1132 recipere
939 1078 1089 1121 voluit.
1158 1077 1248 1121 Sed
1288 1079 1393 1121 sunt
1438 1091 1551 1133 quae
1597 1091 1690 1121 non
1728 1080 1821 1121 tam
1852 1076 2047 1122 dilucide

495 1146 886 1200 grammaticorum
931 1146 1164 1201 vestigium
1210 1160 1318 1202 prae
1363 1160 1412 1190 se
1458 1146 1615 1190 ferant.
1675 1146 2047 1203 Repugnantib'us

494 1214 748 1258 Gaisfordio
785 1219 828 1259 et
862 1216 1143 1271 Westphalio
1174 1219 1293 1259 recte
1322 1216 1667 1272 Byzantinorum
1695 1215 1870 1271 glossas
1901 1228 2048 1260 remo·

496 1284 558 1327 vit
602 1288 734 1340 atque
779 1286 1050 1340 optimorum
1097 1285 1301 1328 codicum
1346 1286 1609 1330 memoriam
1648 1284 1844 1329 restituit
1881 1285 2050 1330 Caesar

495 1367 537 1408 p.
569 1354 637 1406 32,
671 1355 725 1396 10
754 1353 803 1396 G.
834 1354 920 1407 (18,
952 1354 977 1396 3
1008 1349 1095 1409 w.)
1134 1354 1429 1411 καταληκτικά
1466 1354 1526 1409 δὲ,
1566 1353 1738 1411 διμετρα
1778 1353 1865 1411 μὲν,
1902 1348 1959 1406 ὥς
1999 1351 2050 1398 τὸ

506 1421 553 1476 Y,
584 1420 895 1478 καταληκτικόν
925 1423 972 1464 δὲ
1001 1421 1189 1479 δίμετρον
1218 1422 1264 1465 τὸ
1302 1421 1388 1465 ΑΒ
1422 1422 1608 1477 (Caesar
1646 1421 1822 1467 emend.
1858 1420 2005 1479 Heph'.
2032 1422 2051 1468 Ῑ

491 1506 535 1547 p.
558 1493 674 1548 XV);
704 1506 746 1547 p.
773 1493 837 1544 17,
868 1493 895 1534 8
925 1491 974 1535 G.
1006 1492 1063 1546 (9,
1098 1492 1149 1535 15
1179 1492 1267 1547 W.)
1303 1491 1384 1535 τῶν
1412 1492 1487 1548 τῆς
1515 1489 1676 1543 θέσεως
1704 1490 1869 1549 μακρᾶς
1895 1503 2052 1548 ποιητι-

495 1561 582 1604 κῶν
612 1560 660 1616 Y,
691 1560 852 1612 θέσεως
872 1575 959 1604 om.
980 1559 1127 1616 A(B?)
1147 1562 1220 1616 (cf.
1244 1562 1412 1605 Caesar
1431 1562 1458 1605 l.
1481 1574 1516 1605 c.
1538 1562 1555 1604 I
1583 1575 1626 1616 p.
1648 1561 1740 1616 VI);
1769 1574 1813 1616 p.
1833 1560 1904 1613 91,
1926 1559 1982 1604 14
1999 1559 2050 1604 G.

497 1631 583 1684 (49,
618 1631 669 1673 16
699 1630 787 1686 W.)
816 1628 886 1673 τὸν
914 1630 1076 1686 πρῶτον
1112 1630 1325 1673 σπονδεῖον
1362 1631 1435 1672 καὶ
1470 1630 1546 1686 τήν
1573 1630 1647 1673 τοῦ
1677 1628 1871 1687 δευτέρου
1899 1627 2052 1672 ouum·

497 1697 575 1756 βήν
605 1699 810 1756 μολοσσὸν
838 1697 1017 1755 ποιήσας
1044 1697 1092 1753 Y,
1122 1697 1191 1742 τὸν
1220 1697 1471 1743 ἀνάπαιστον
1501 1697 1706 1756 μολοσσὸν
1741 1697 1920 1755 ποιήσας
1953 1695 2048 1750 ΑΒ,

493 1768 549 1821 (v.
574 1769 715 1811 schol.
734 1768 797 1812 Κἰ
818 1764 948 1824 ἤγουν
962 1768 1032 1811 τὸν
1053 1772 1216 1824 πρῶτον
1238 1769 1451 1811 σπονδεῖον
1474 1769 1547 1811 καὶ
1562 1766 1637 1824 τὴν
1657 1768 1730 1811 τοῦ
1745 1766 1939 1824 δευτέρου
1954 1764 2050 1810 συλή-

493 1835 648 1894 λαβήνς
680 1838 735 1880 cf.
769 1837 896 1880 CaeS.
925 1837 951 1880 l.
981 1850 1017 1880 c.
1048 1837 1084 1879 11
1103 1851 1146 1892 p.
1168 1836 1257 1892 VI).
1315 1838 1478 1880 Debuit
1508 1838 1625 1880 idern
1651 1850 1694 1892 p.
1714 1837 1784 1889 68,
1808 1837 1860 1880 12
1881 1836 1931 1880 G.
1961 1835 2048 1890 (36,

499 1907 548 1948 13
570 1906 658 1960 W.)
673 1906 936 1949 vocabulum
954 1904 1113 1964 βάσεως
1129 1907 1291 1958 delere,
1308 1907 1428 1962 quod
1443 1906 1654 1950 omittunt
1669 1903 1842 1960 AGP.¹)
1871 1905 2049 1949 Etenim

494 1976 758 2019 vocabulum
791 1973 907 2033 βάσις
937 1989 994 2019 ne
1023 1989 1114 2019 uno
1145 1976 1325 2031 quidem
1347 1976 1583 2018 enchiridii
1614 1976 1713 2018 loco
1745 1977 1880 2027 extat,
1910 1974 2048 2017 immo

495 2058 672 2099 semper
720 2045 996 2100 Hephaestio
1052 2059 1160 2088 usus
1217 2048 1286 2088 est
1333 2045 1551 2088 vocabulo
1603 2043 1810 2087 sollemni
1858 2041 2044 2100 συζυγία.

495 2113 678 2156 Duobus
709 2114 820 2156 locis
850 2128 893 2168 p.
925 2115 993 2166 27,
1028 2114 1081 2156 14
1109 2114 1159 2157 G.
1191 2114 1279 2168 (15,
1301 2115 1328 2156 9
1357 2114 1445 2168 W.)
1478 2110 1866 2170 βραχυκατάληκτα
1895 2111 1943 2154 δὲ
1970 2124 2048 2154 κα-

494 2181 636 2236 λεῖται,
682 2180 762 2224 ὅσα
806 2180 888 2224 ἀπὸ
933 2182 1119 2234 διποδίας
1163 2182 1229 2224 ἐπὶ
1272 2181 1415 2233 τὲλους
1458 2180 1544 2238 ὅλῳ
1588 2181 1685 2224 ποδὶ
1737 2179 1961 2238 μεμείωται
2001 2181 2049 2223 et

494 2265 536 2305 p.
569 2252 637 2303 27,
673 2252 723 2293 18
754 2252 803 2294 G.
835 2252 921 2305 (15,
955 2253 1007 2295 12
1038 2252 1125 2307 W.)
1155 2246 1178 2293 ὁ
1210 2265 1378 2294 σιππω
1407 2250 1511 2302 πούς
1541 2248 1630 2293 ἀντὶ
1658 2247 1760 2306 ὅλης
1790 2282 1800 2293 .
1833 2281 1844 2293 .
1875 2282 1885 2292 .
1915 2252 2048 2292 κεῖται

495 2320 680 2371 διποδίας
710 2321 974 2363 vocabulum
1005 2320 1172 2363 διποδία
1193 2321 1412 2364 vocabulo
1434 2318 1537 2371 πούς
1558 2319 1766 2375 opposito
1788 2317 2046 2374 explicatur.

496 2403 538 2443 p.
571 2390 637 2441 71,
683 2390 709 2431 9
741 2390 789 2432 G.
836 2390 922 2443 (38,
953 2391 980 2432 2
1020 2390 1107 2446 W.)
1150 2390 1417 2433 vocabulum
1465 2388 1652 2439 διποδίας
1696 2386 1935 2438 delendum
1977 2387 2049 2429 est

496 2458 668 2500 collatis
698 2459 845 2501 verbis
883 2473 925 2513 p.
957 2460 1025 2511 66,
1065 2460 1118 2502 14
1147 2460 1196 2502 G.
1236 2459 1323 2513 (35,
1365 2460 1417 2502 16
1453 2457 1596 2514 W.).³)
1657 2456 1929 2512 Saepissime
1958 2454 2048 2499 He-

499 2527 706 2581 phaestio
751 2529 968 2571 vocabulo
1015 2528 1187 2585 συζυγία
1218 2529 1388 2572 omisso
1435 2528 1539 2572 solo
1563 2540 1726 2582 genere
1755 2524 1973 2569 feminino
2003 2526 2050 2568 et

497 2597 733 2639 verborum
779 2611 952 2641 conexu
1005 2598 1111 2653 quid
1158 2598 1455 2653 supplendum
1500 2599 1622 2640 esset
1664 2593 1948 2651 significavit3
1991 2594 2046 2637 cf.

620 2779 642 2823 ¹)
668 2781 712 2814 cl'.
740 2780 849 2815 etiam
875 2781 991 2815 schol.
1015 2780 1125 2815 Arist.
1151 2781 1235 2815 Pac.
1262 2780 1329 2815 736
1353 2780 1398 2814 τὰ
1422 2781 1613 2823 Σιμωνίδου
1638 2780 1681 2813 ὲκ
1703 2779 1771 2812 τῶν
1796 2779 1971 2822 ἐλεγείων.

612 2835 642 2881 ²)
668 2840 724 2871 est
749 2837 786 2872 in
816 2836 872 2872 Tu
908 2841 943 2872 et
967 2838 1004 2872 in
1031 2837 1078 2872 M
1106 2838 1143 2873 in
1169 2849 1251 2882 mg..
1283 2840 1439 2882 utroque
1470 2837 1554 2871 loco
1586 2847 1630 2871 ex
1663 2834 1701 2871 Y
1725 2838 1766 2871 ut
1790 2834 1933 2871 videtur
1956 2833 2048 2870 deri-

498 2896 632 2928 vatum.

616 2951 642 2996 ⁸)
691 2952 872 2987 Choerob.
916 2964 949 2998 p.
991 2953 1048 2993 80,
1094 2954 1136 2988 19
1178 2953 1396 2998 ,,τροχοιικοὶς
1438 2951 1619 2993 διποδίας“
1658 2953 1723 2985 ’καί
1763 2949 1808 2985 τά
1849 2951 1932 2996 ἑξῆς
1969 2948 2052 2994 Ks,

498 3011 656 3051 ὄιποδίας
680 3013 743 3044 καί
766 3011 809 3044 τοὶ
835 3012 918 3055 ἑξῆς
943 3022 1014 3046 om.
1047 3009 1088 3046 U.
