2196 3438
1130 283 1290 347 ,28-
1331 344 1373 347 ..

465 427 609 469 forma
653 438 781 468 usum
823 437 924 466 esse
962 435 1049 478 qua
1088 434 1173 465 nos
1206 422 1352 465 adhuc
1382 422 1560 465 utimur.
1620 422 1782 467 Verum
1811 434 1921 467 usus
1949 424 2021 467 001

468 496 511 538 111
534 495 691 538 eodem
715 494 827 536 libro
851 491 1087 535 condendo
1108 494 1345 547 praeterea
1376 491 1518 534 isdem
1549 491 1642 535 fere
1673 491 1872 547 scholiis,
1903 501 2018 549 quoe

464 564 508 607 in
555 563 723 607 nostris
775 561 1009 604 enchiridii
1062 561 1296 605 codicibus
1347 561 1574 616 leguntur3
1624 561 1831 605 conferas
1881 572 1919 604 0.
1973 573 2014 616 g.

463 646 505 688 p.
537 634 632 684 314,
664 631 832 675 25-26
863 632 907 673 et
937 629 1075 673 schol.
1106 630 1250 686 Heph.
1289 629 1312 687 β
1342 643 1385 685 p.
1419 631 1485 682 12,
1524 630 1582 673 24
1619 643 1708 686 sq.;
1742 643 1787 686 p.
1826 629 1927 684 314,
1962 628 2018 675 27

463 725 520 732 —
558 702 654 752 315,
692 701 719 742 9
758 703 800 742 et
832 699 971 742 schol.
1002 699 1146 754 Heph.
1178 698 1202 756 β
1231 713 1274 755 p.
1309 700 1374 751 19,
1405 699 1594 753 7-303
1637 712 1680 754 p.
1719 699 1804 743 318
1839 698 1943 743 adn.
1973 701 2019 744 01

468 770 607 812 501101.
630 769 770 823 Heph.
794 782 821 809 α
843 768 889 810 111
921 767 1220 811 Studemundi
1250 768 1334 811 An.
1356 781 1447 811 var.
1479 769 1496 811 1
1526 781 1567 823 p.
1602 767 1682 812 127
1713 767 1772 811 ad
1799 769 1869 821 21,
1901 768 2015 824 10²),

467 839 580 892 Ergo
620 838 741 880 illam
784 849 960 892 quoque
1003 837 1151 889 stichi‚
1191 836 1291 889 coli,
1330 837 1567 880 commatis
1606 836 1913 881 definitionem
1936 836 2019 881 dc·

464 906 682 962 prompsit
712 919 766 949 ex
798 906 937 949 schol.
959 906 1102 961 Heph.
1125 905 1150 963 β
1172 919 1215 961 p.
1238 906 1277 958 7,
1298 906 1488 957 20—21;
1520 906 1574 949 cf.
1597 906 1703 949 ibid.
1723 919 1767 961 p.
1787 907 1829 959 8,
1853 904 2016 963 1-431).

465 977 615 1031 Neque
659 976 820 1019 mirum
865 978 946 1027 est,
992 975 1111 1031 quod
1157 987 1271 1031 quae
1310 975 1355 1018 in
1396 976 1580 1019 scholiis
1623 976 1792 1031 scripta
1833 974 2017 1028 invenlt,

464 1044 791 1100 Hephaestioni
836 1044 921 1100 ipsi
968 1044 1215 1100 imputavit.
1289 1045 1411 1088 idern
1456 1044 1560 1088 fecit
1603 1058 1646 1100 p.
1692 1045 1776 1088 318
1819 1043 1923 1088 adn.
1965 1041 2020 1088 τὰ

465 1112 780 1171 τετρασύλλαβα
810 1113 940 1170 μέτρα
969 1115 1042 1156 καὶ
1069 1113 1117 1156 τὸ
1146 1112 1286 1171 ἡρῷον
1306 1113 1546 1171 μονοποδίᾳ,
1575 1112 1723 1170 <οὐ>’)
1753 1113 1919 1171 διποδίᾳ
1948 1126 2019 1172 με·

464 1187 650 1239 τροῦνται
685 1182 801 1238 παρὰ
836 1181 906 1226 τὸν
948 1177 1251 1239 Ἡφαιστίωνα,
1296 1182 1561 1239 quibuscum
1613 1183 1764 1227 verbis
1809 1183 2016 1227 conferas

464 1266 563 1295 cum
594 1253 681 1295 alia
713 1252 885 1295 scholia
914 1255 1008 1295 tum
1039 1251 1178 1295 schol.
1208 1265 1252 1308 p.
1285 1253 1380 1303 180,
1410 1253 1551 1295 8-15
1581 1252 1665 1304 W.,
1716 1264 1861 1308 neque
1888 1252 2020 1297 aliter

465 1325 650 1376 egerunt
680 1322 858 1365 lsaacus
890 1322 1077 1365 Tzetzes
1110 1321 1156 1364 in
1189 1321 1390 1365 Crameri
1420 1322 1504 1365 An.
1534 1321 1635 1365 Par.
1656 1322 1674 1365 1
1695 1335 1739 1378 p.
1761 1323 1830 1375 95,
1845 1322 2017 1367 28--29

462 1393 534 1442 (=
568 1392 707 1434 schol.
738 1391 880 1446 Heph.
924 1405 967 1446 p.
1008 1391 1102 1443 199,
1147 1390 1313 1433 13-16
1350 1390 1442 1442 W.;
1481 1390 1536 1433 cf.
1579 1390 1747 1435 Tricha
1785 1391 1854 1435 ed.
1883 1390 2019 1436 Furia

463 1463 567 1514 post
587 1459 1008 1503 Pseudo-Draconis
1030 1459 1274 1502 editionem
1303 1458 1688 1503 Hermannianam
1726 1459 1864 1515 [Lips.
1893 1459 2019 1517 1814]

462 1544 505 1585 p.
537 1529 650 1585 56³»
682 1532 725 1572 et
756 1529 923 1572 Tricha
958 1528 1004 1572 in
1043 1528 1310 1584 Westphalii
1349 1528 1500 1584 script.
1540 1531 1668 1572 metr.
1708 1542 1853 1584 graec.
1883 1528 1971 1573 vol.
2000 1529 2019 1572 1

461 1612 504 1653 p.
536 1599 632 1650 258,
664 1599 843 1642 29—31
887 1598 959 1652 (cf.
998 1611 1099 1641 cum
1136 1597 1224 1641 alia
1255 1598 1429 1641 scholia
1457 1600 1552 1641 tum
1584 1598 1725 1642 schol.
1757 1596 1782 1656 β
1811 1611 1854 1654 p.
1885 1598 1927 1652 9,
1955 1597 2015 1654 8).

462 1668 607 1710 Patris
647 1667 996 1722 Hephaestionis
1036 1680 1215 1719 nomen,
1261 1667 1381 1722 quod
1424 1667 1577 1710 nescio
1624 1667 1743 1711 unde
1789 1667 2016 1723 cognitum

464 1737 671 1790 habuit⁴),
717 1737 813 1791 ipse
857 1735 1042 1779 addidit.
1117 1736 1304 1779 Tzetzes
1349 1736 1484 1791 igitur
1514 1749 1613 1779 curn
1654 1736 1860 1780 scholion
1906 1736 2015 1780 illud

464 1806 769 1860 exscripserit,
801 1805 1004 1860 quaestio
1043 1804 1186 1848 oritur
1224 1818 1337 1860 quae
1368 1805 1500 1848 fuerit
1532 1805 1693 1848 scholii
1723 1804 1842 1849 illius
1873 1805 2013 1861 erige,

465 1887 655 1929 quocum
687 1874 849 1917 mirum
879 1876 1095 1929 quantum
1127 1874 1353 1917 consentit
1383 1874 1546 1917 Marius
1577 1874 1833 1918 Victorinus
1864 1874 1911 1918 in
1941 1874 2012 1918 GL
2083 1878 2088 1883 '

462 1944 515 1986 v1
535 1958 578 1998 p.
599 1944 667 1998 54,
691 1944 714 1987 7
737 1957 805 1998 sq.
864 1943 1009 1998 Atque
1033 1957 1105 1986 me
1129 1943 1273 1986 iudice
1299 1943 1504 1986 scholion
1530 1943 1638 1987 illud
1668 1944 1915 1988 derivatum
1946 1946 2017 1988 est

466 2015 541 2054 aut
562 2025 615 2055 ex
637 2012 724 2055 alio
747 2013 940 2068 quodam
972 2012 1173 2064 metrico,
1205 2012 1398 2056 fortasse
1418 2012 1678 2065 Heliodoro,
1708 2015 1798 2066 aut,
1828 2013 1875 2056 id
1895 2013 2016 2070 quod

466 2081 604 2136 magis
635 2082 795 2136 placet,
826 2095 881 2125 ex
911 2081 1052 2137 ipsius
1074 2082 1386 2125 commentarii
1415 2082 1451 2124 11
1482 2082 1625 2134 initio,
1654 2084 1895 2138 postquam
1925 2082 2017 2126 iam

466 2151 717 2205 corruptela
762 2151 838 2194 illa
881 2149 927 2194 τὸ
972 2151 1020 2193 δὲ
1064 2150 1235 2194 ἔλαττον
1270 2149 1318 2194 ὂν
1353 2148 1427 2193 δύο
1466 2150 1679 2208 συζυγιῶν,
1718 2164 1831 2208 quae
1871 2151 2017 2196 estin

463 2219 588 2262 libris
620 2218 803 2273 AMTu,
834 2220 1023 2276 irrepsit.

577 2300 754 2343 Isaacus
786 2302 973 2345 Tzetzes
1007 2301 1053 2344 in
1084 2301 1250 2354 libello,
1290 2315 1422 2357 quem
1451 2302 1545 2357 περὶ
1573 2300 1831 2357 Πινδαρικῶν
1860 2299 2018 2359 μέτρων

465 2370 643 2423 scripsit
687 2370 774 2424 (ed.
807 2370 990 2414 Cramer
1037 2371 1083 2413 in
1113 2371 1198 2414 An.
1228 2368 1368 2414 Paris.
1399 2370 1416 2412 I
1452 2384 1495 2426 p.
1526 2371 1784 2426 59—162),
1829 2369 2016 2428 singulis

466 2439 737 2482 carminibus
784 2439 1061 2483 illustrandis
1110 2439 1344 2495 praemisit
1381 2439 1564 2483 brevem
1601 2440 1656 2482 de
1695 2439 1885 2484 diversis
1922 2451 2016 2483 car-

462 2508 633 2550 minum
678 2509 915 2562 generibus
961 2509 1325 2564 disputationem.
1400 2509 1456 2552 Et
1496 2509 1539 2551 in
1581 2509 1708 2552 initio
1746 2508 1925 2565 quidem
1967 2508 2016 2551 in

464 2577 698 2632 principali
731 2577 979 2620 carminum
1012 2577 1234 2620 divisione
1266 2580 1310 2620 et
1340 2577 1387 2620 in
1417 2577 1690 2621 carminibus
1727 2576 1839 2620 κατὰ
1874 2575 2017 2635 στίχον

583 2760 607 2806 ¹)
634 2762 679 2795 cs.
703 2761 819 2796 Isaac.
845 2761 967 2796 Tzetz.
994 2761 1030 2796 in
1057 2761 1218 2796 Crameri
1244 2761 1381 2796 Anecd.
1413 2761 1494 2796 Par.
1520 2762 1535 2796 1
1566 2773 1601 2806 p.
1626 2762 1682 2803 60,
1711 2760 1875 2807 23—25,
1905 2770 2017 2806 quam

465 2818 714 2854 definitionem
726 2819 808 2863 ipso
822 2821 863 2854 ut
886 2819 1028 2854 videtur
1044 2819 1309 2855 commentario
1323 2820 1490 2866 inspecto
1504 2819 1742 2865 amplificavit
1754 2830 1789 2865 p.
1803 2818 2015 2862 61,17—18.

581 2875 611 2920 ⁹)
636 2873 676 2910 οὐ
703 2877 850 2912 inserui.

580 2933 607 2978 ³)
634 2934 677 2968 cs.
703 2935 896 2979 Westphal
923 2935 1049 2970 Metrik
1075 2935 1108 2969 1²
1133 2947 1166 2981 p.
1195 2936 1271 2971 135.

580 2992 608 3035 ⁴)
635 2992 678 3026 cf.
704 2992 897 3037 Westphal
923 2993 1050 3028 Metrik
1075 2992 1108 3028 1²
1133 3005 1166 3038 p.
1195 2993 1262 3028 175
1287 2994 1370 3028 adn.
