2196 3438
1202 307 1258 351 98

1099 367 1367 375 ——-...--—.‚.

454 446 731 504 στρεφόντων)
763 445 791 489 δι’
823 448 895 503 μὲν
926 446 1094 503 διμερῆ,
1125 445 1154 489 ἃ
1183 447 1231 489 δὶ
1258 446 1451 503 τριμερῆ,
1483 442 1539 497 ὡς
1566 443 1619 488 τὰ
1648 444 1723 489 καὶ
1750 443 1826 504 τήν
1855 443 2017 503 ἆπφδὸν

455 516 841 574 προσλαμβάνοντα,
873 516 928 559 de
960 516 1122 571 quibus
1161 515 1355 559 disserui
1391 529 1435 571 p.
1467 515 1522 557 85
1553 528 1651 571 sqq.
1710 515 1917 560 Ceterum
1947 515 2018 559 in·

453 586 623 639 spicias
655 586 786 628 velim
816 585 885 628 Fr.
916 585 1005 628 Leo
1037 585 1064 627 l.
1098 597 1135 628 c.
1165 598 1208 640 p.
1238 585 1322 628 298
1354 598 1420 640 sq.

571 656 692 698 Haec
725 658 828 697 sunt
859 667 972 709 quae
1006 666 1130 697 nunc
1154 654 1273 709 apud
1304 654 1510 698 Caesium
1540 653 1759 708 leguntur,
1798 652 1880 697 sed
1907 651 2016 697 olim

455 725 607 767 omnia
637 738 690 767 ea
713 724 828 766 lecta
850 723 1003 774 fuisse,
1032 736 1146 778 quae
1165 723 1284 779 apud
1304 722 1582 766 Victorinum
1603 735 1646 777 p.
1667 722 1737 775 56,
1757 721 1941 775 22—60,
1960 721 2017 766 25

452 794 617 836 tradita
659 797 783 845 sunt,
823 792 1059 835 affirmavit
1094 792 1291 836 Hensius
1328 792 1383 835 de
1423 792 1530 835 luba
1563 805 1606 846 p.
1637 791 1707 835 55.
1765 790 1899 843 Quod
1926 802 2017 847 quo

455 865 718 916 argumento
749 862 1007 916 probaverit
1038 862 1205 905 frustra
1235 861 1546 916 circumspexi.
1615 861 1784 904 Contra
1820 858 2018 915 singula-

459 944 551 973 rem
583 931 620 973 si
653 931 900 974 carminum
939 931 1177 985 generibus
1214 930 1525 973 describendis
1564 929 1712 972 locum
1749 928 2018 981 dedicasset,

453 1000 637 1043 Caesius
670 1013 761 1042 non
794 1012 935 1054 pauca
966 1000 1041 1043 illa
1072 1012 1184 1055 quae
1216 999 1431 1055 exscripsi
1462 998 1506 1041 ἐν
1538 996 1711 1055 παρόδῳ
1738 997 2018 1050 adnotasset,

452 1083 606 1112 verum
629 1082 682 1112 ea
703 1082 879 1124 quoque
902 1069 961 1112 ad
983 1069 1208 1124 peculiare
1239 1068 1348 1112 illud
1378 1071 1510 1123 caput
1541 1068 1798 1123 relegasset.
1842 1065 2016 1110 Deinde

453 1138 767 1190 Terentianus,
800 1138 875 1193 qui
907 1138 954 1180 in
984 1140 1247 1192 argumento
1280 1140 1400 1180 certe
1434 1139 1559 1179 totus
1589 1149 1616 1180 a
1646 1135 1806 1180 Caesio
1835 1134 2017 1191 pendet,

454 1220 597 1262 neque
641 1207 717 1249 ubi
762 1221 789 1249 a
827 1207 1017 1262 pedibus
1062 1207 1119 1249 ad
1164 1209 1307 1250 metra
1351 1205 1590 1249 transitum
1635 1205 1740 1248 fecit
1776 1205 1834 1259 (v.
1873 1201 2016 1266 1578),

454 1289 597 1331 neque
627 1276 701 1318 ubi
733 1289 759 1319 a
799 1276 997 1330 generali
1035 1279 1282 1319 metrorum
1320 1274 1638 1330 explanatione
1674 1273 1735 1317 ad
1768 1272 2019 1317 Horatiana

453 1349 764 1399 transgressus
793 1348 863 1388 est
892 1345 949 1398 (v.
971 1345 1116 1399 2914),
1147 1345 1203 1387 de
1231 1347 1490 1399 poematum
1520 1342 1759 1398 generibus
1791 1340 2018 1386 disseruit.

453 1414 605 1468 Neque
638 1414 769 1468 igitur
801 1414 846 1456 in
878 1417 1079 1457 extremo
1109 1413 1212 1456 libri
1245 1413 1391 1468 capite
1426 1426 1546 1456 nunc
1581 1413 1653 1456 vel
1684 1410 1918 1468 scriptoris
1946 1410 2018 1454 vel

454 1483 624 1526 librarii
657 1483 787 1538 culpa
818 1483 988 1535 mutilo,
1021 1496 1108 1538 quo
1141 1482 1196 1525 de
1234 1482 1391 1525 metris
1429 1481 1693 1525 Horatianis
1730 1482 1867 1524 antea
1901 1492 2019 1523 non-

454 1552 559 1594 dum
601 1551 834 1606 explicatis
881 1565 952 1594 res
999 1555 1114 1604 erat,
1159 1555 1416 1594 accuratam
1454 1554 1712 1606 poematum
1750 1548 2019 1592 divisionem

457 1621 659 1663 extitisse
690 1621 783 1663 veri
816 1620 963 1663 simile
994 1624 1076 1674 est,
1106 1621 1374 1676 praesertim
1405 1633 1507 1663 cum
1542 1620 1645 1663 libri
1675 1618 2019 1674 dispositionem

455 1690 499 1731 in
531 1703 598 1731 vv.
633 1690 914 1732 1596—1605
946 1690 1042 1744 ipse
1073 1690 1321 1733 adumbret.

570 1758 770 1813 Arripuit
815 1758 961 1802 Caesii
1015 1758 1349 1802 enarrationem
1398 1758 1534 1801 modo
1580 1757 1852 1812 exscriptam
1893 1756 2018 1812 Aph-

454 1827 636 1869 thonius
683 1827 730 1869 in
774 1830 1022 1870 metrorum
1074 1827 1423 1871 Horatianorum
1476 1826 1780 1880 descriptione
1826 1839 1869 1881 p.
1919 1826 2014 1878 162,

458 1896 565 1938 1-—3
588 1899 632 1939 et
657 1897 750 1948 167,
785 1896 837 1939 18
861 1911 926 1951 sq.
959 1910 1103 1951 neque
1135 1910 1227 1939 non
1258 1909 1311 1939 ea
1339 1909 1448 1939 usus
1481 1899 1550 1938 est
1579 1895 2017 1939 Fortunatianus

455 1965 500 2007 in
531 1965 676 2019 capite
708 1965 763 2008 de
798 1966 953 2008 metris
992 1966 1167 2008 Horatii
1208 1966 1389 2008 ineunte
1428 1965 1517 2019 (GL
1548 1964 1603 2006 VI
1632 1978 1675 2019 p.
1706 1964 1804 2016 294,
1834 1964 1892 2007 24
1919 1976 2018 2020 sqq.

458 2053 508 2068 =
531 2047 573 2089 p.
599 2034 664 2086 17,
687 2035 711 2076 7
735 2049 828 2089 sqq.
851 2035 946 2077 eius
967 2035 1279 2078 Fortunatiani
1300 2034 1525 2086 editionis,
1549 2046 1662 2088 quae
1682 2047 1709 2076 a
1728 2032 1871 2076 Keilio
1891 2032 2019 2076 Halis

456 2116 495 2144 a.
530 2103 640 2145 1885
669 2103 837 2157 publici
869 2103 977 2146 iuris
1010 2104 1127 2147 facta
1158 2107 1227 2147 est
1244 2105 1294 2159 ¹):

571 2172 719 2223 „Haec
757 2175 906 2215 autem
937 2173 1111 2216 Horatii
1152 2172 1354 2215 carmina
1384 2205 1394 2215 .
1418 2205 1427 2214 .
1450 2205 1460 2214 .
1497 2171 1825 2226 monostropha
1861 2170 2018 2215 Graeci

456 2241 815 2295 appellaverunt,
862 2242 982 2296 quod
1025 2242 1171 2297 prima
1207 2241 1392 2296 strophe
1433 2273 1442 2283 .
1476 2272 1485 2281 .
1518 2274 1527 2284 .
1566 2243 1739 2284 ceteras
1779 2243 2017 2296 sequentes

458 2310 627 2353 similes
658 2311 836 2363 habeat,
868 2324 951 2354 nec
982 2311 1028 2353 in
1059 2311 1209 2366 aliqua
1237 2313 1364 2365 parte
1396 2309 1813 2352 interveniente
1843 2308 2017 2364 epodo

457 2379 555 2422 cola
583 2382 852 2422 mutentur.“

570 2450 733 2491 Verum
762 2450 1110 2492 Fortunatianus
1151 2450 1248 2492 solo
1287 2448 1445 2492 Caesio
1486 2461 1578 2490 non
1619 2450 1878 2500 contentus,
1916 2459 2017 2491 cum

458 2517 592 2560 etiam
621 2518 675 2560 de
698 2518 971 2561 carminibus
1004 2532 1117 2573 quae
1142 2531 1264 2570 „non
1284 2541 1339 2549 —-
1360 2517 1714 2571 monostropha“
1744 2518 1898 2559 essent
1923 2515 2018 2559 dis-

459 2599 608 2628 serere
646 2587 800 2639 vellet,
838 2588 976 2630 alium
1021 2590 1255 2642 praeterea
1293 2589 1523 2629 auctorem
1559 2585 1807 2628 arcessivit.
1870 2584 2018 2628 Verba

459 2656 618 2706 „colon
664 2656 770 2710 quid
815 2657 874 2699 sit
918 2656 1007 2698 iam
1044 2656 1259 2708 diximus,
1306 2669 1333 2698 a
1370 2668 1457 2710 quo
1494 2654 1672 2709 <dicola
1702 2652 1825 2708 sive>
1857 2653 2018 2696 tricola

459 2725 550 2766 sive
595 2725 812 2767 tetracola
855 2724 1064 2767 dicuntur
1107 2726 1219 2767 haec
1257 2724 1484 2767 carmina“
1531 2724 1590 2778 (p.
1625 2723 1676 2766 17
1687 2755 1698 2775 ,
1740 2713 1924 2777 10—11)
1960 2722 2017 2765 de

461 2806 540 2834 suo
573 2793 757 2835 addidit.
818 2793 974 2836 Verbis
1015 2794 1087 2846 „in
1128 2793 1412 2836 cantionibus
1450 2795 1599 2835 autem
1634 2790 1783 2846 lyricis
1820 2791 2016 2845 legitime

464 2862 671 2915 scriptis“
718 2875 860 2904 novus
907 2862 1008 2904 fons
1056 2862 1304 2905 clarissime
1348 2862 1591 2912 indicatur,
1643 2873 1774 2914 quem
1822 2863 1871 2902 ut
1915 2873 2017 2903 cum

580 3010 602 3055 ’ξι
628 3011 703 3044 Hac
730 3011 765 3045 in
791 3014 977 3055 posterum
1002 3015 1093 3046 utar.
