2196 3438
979 310 1035 354 85

82 484 98 490 ,γ
125 421 130 427 .
221 447 391 510 ,arieg
410 446 561 508 ἰώδεα
574 447 860 502 significatu
898 449 1083 504 eiusque
1120 450 1255 494 verba
1291 450 1350 493 ab
1384 448 1582 493 Aristide
1619 461 1775 503 pamm

159 544 161 546 -
221 516 429 561 mate
459 529 560 559 esse
591 517 829 572 exscripta.

239 606 245 612 ·
334 584 495 629 Verbis
543 585 883 641 insequentibus
930 584 983 629 τὰ
1030 586 1078 629 δὲ
1125 585 1236 630 κατὰ
1283 586 1426 644 σχέσιν
1472 585 1529 638 ὥς
1575 584 1626 629 τὰ
1673 580 1773 627 ἀντι-

477 667 572 698 non
603 657 652 700 ut
679 657 814 700 antea
844 658 966 699 certo
996 656 1173 710 generis
1205 657 1376 700 nomini
1406 656 1630 712 peculiare
1653 669 1775 698 com-

212 651 463 786 m
491 723 747 780 exemplum
774 723 966 776 additur,
997 725 1036 767 si
1067 725 1248 780 quidem
1284 725 1421 768 verba
1456 723 1509 767 τὰ
1537 722 1649 767 κατὰ
1678 723 1774 781 σχὲ-

210 802 306 854 q
321 794 397 842 et
409 789 464 837 τὰ
504 787 820 849 ἀντιστρέφοντα
862 793 919 836 de
955 793 1100 837 isdem
1138 794 1287 837 valent
1325 794 1560 849 poematis.
1627 794 1772 837 Verba

209 859 405 938 „dna
413 861 489 913 ita
504 864 680 909 tantum
703 861 989 917 interpretari
1008 876 1144 918 posse
1163 862 1378 914 videmur,
1407 866 1457 906 ut
1485 865 1634 906 certae
1662 862 1773 906 artis

209 906 341 994 W
344 928 607 986 adiunctum
637 943 738 974 esse
764 933 973 986 putemus
1003 932 1112 975 illud
1142 932 1421 983 vocabulum,
1460 945 1548 987 quo
1579 931 1771 987 imperiti

211 1010 366 1063 m
391 1001 535 1060 artem
564 999 798 1044 metricam
826 1001 1020 1055 professi
1050 1002 1239 1045 eandem
1269 1014 1364 1044 rem
1393 1000 1618 1056 appellare
1656 1000 1772 1043 sole-

209 1066 420 1131 mamis
455 1108 461 1122 ..

210 1171 302 1199 w,
307 1134 472 1193 ,Nimis
499 1138 558 1183 ab
584 1138 784 1183 Aristide
814 1139 1019 1182 mutilata
1047 1142 1116 1182 est
1146 1139 1301 1182 ultima
1331 1139 1654 1194 paragraphus.

326 1205 354 1263 5
379 1206 423 1250 4.
480 1205 567 1249 Καὶ
594 1205 718 1250 πάλιν
746 1205 902 1250 τούτων
932 1205 960 1249 ἃ
990 1208 1063 1264 μὲν
1093 1208 1253 1264 διμερῆ,
1285 1205 1313 1249 ἂ
1342 1208 1389 1250 δὲ
1417 1207 1603 1263 τριμερῆ,
1632 1204 1688 1257 ὥς
1716 1204 1768 1248 τὰ

206 1272 391 1350 ffliffl*
417 1274 580 1332 ἰπῳδὸν
607 1275 991 1334 προσλαμβάνοντα.

296 1341 418 1402 Καὶ
442 1342 497 1388 τὰ
524 1345 599 1401 μὲν
627 1343 779 1403 ὁμοίως
814 1345 867 1402 τῇ
904 1344 1028 1399 τάξει,
1071 1344 1124 1388 τὰ
1168 1346 1214 1388 δὲ
1251 1345 1439 1396 ἐναντίως
1476 1346 1583 1401 ἔχει·
1620 1342 1770 1400 ὁμοίως

204 1412 291 1474 μὶν
311 1409 383 1473 ,ὥς
415 1407 516 1456 ὅταν
545 1412 593 1456 τὸ
621 1416 785 1469 πρῶτον
813 1414 887 1470 τῆς
926 1410 1194 1471 ἀντιστρόφου
1237 1418 1295 1471 τῷ
1337 1418 1413 1470 τῆς
1448 1414 1631 1470 στροφῆς
1667 1408 1769 1456 ἀπο-

208 1480 353 1543 Μ
365 1479 532 1540 πρώτῳ,
567 1481 615 1526 τὸ
658 1483 706 1525 δὲ
749 1482 941 1540 δεύτερον
983 1486 1040 1540 τῷ
1078 1483 1256 1540 δευτέρῳ
1294 1484 1367 1526 καὶ
1394 1482 1448 1526 τὰ
1476 1483 1572 1539 ἑξῆς
1600 1477 1767 1538 ὁμοίως·

436 1551 485 1595 δὲ
527 1545 584 1603 ὥς
626 1550 725 1596 ὅταν
762 1550 810 1596 τὸ
846 1552 1009 1609 πρῶτον
1046 1553 1103 1610 τῷ
1145 1552 1390 1609 τελευταίῳ,
1425 1550 1472 1595 τὸ
1503 1553 1549 1595 δὲ
1579 1550 1770 1607 δεύτερον

279 1602 591 1680 ,παρατελεύτῳ
619 1622 694 1663 καὶ
721 1621 775 1664 τὰ
802 1620 930 1664 λοιπὰ
958 1620 1069 1664 κατὰ
1097 1619 1168 1664 τὸν
1197 1617 1320 1664 αυτὸν
1348 1619 1487 1676 λόγον.

308 1686 509 1749 Τριμερῆ
539 1690 903 1746 explanationem
934 1704 1026 1734 non
1057 1691 1307 1747 requirunt;
1338 1690 1493 1734 eadem
1522 1690 1640 1733 enim
1664 1692 1767 1732 sunt

209 1722 324 1816 qim
352 1759 472 1815 apud
501 1760 887 1815 Hephaestionem
917 1761 1105 1816 epodica
1142 1760 1323 1816 proprie
1362 1760 1582 1803 dicuntur.
1646 1757 1767 1810 Quo-

207 1839 309 1872 nm
356 1827 415 1871 ad
464 1828 803 1872 similitudinem
854 1829 891 1871 si
941 1829 1087 1886 διμερῆ
1131 1830 1359 1884 fingimus,
1405 1827 1765 1883 quandoquidem

207 1896 332 1941 nulla
360 1909 410 1940 re
438 1897 619 1940 differre
648 1897 756 1941 dicit
785 1898 973 1953 epodica
1003 1898 1091 1941 nisi
1121 1898 1274 1940 addita
1304 1897 1463 1952 epodo,
1498 1897 1584 1939 hoc
1615 1896 1765 1939 existit

210 1965 395 2009 schema
421 1965 733 2019 ΑΑΙΑΑΙΑΑ.
753 2000 761 2007 .
780 1999 790 2008 .
819 1967 864 2010 h.
886 1980 923 2010 e.
955 1980 1135 2010 carmen
1163 1967 1550 2021 monostrophum.
1599 1963 1767 2020 Διμερὲς

208 2033 300 2078 tale
328 2046 510 2078 carmen
540 2034 643 2077 ideo
673 2036 823 2078 vocari
852 2036 1010 2091 potuit,
1041 2036 1143 2091 quia
1181 2037 1352 2078 duabus
1390 2035 1624 2077 minimum
1655 2036 1765 2075 stro·

205 2101 312 2158 phio
355 2105 406 2147 ut
450 2104 688 2158 responsio
732 2104 856 2148 tieret
901 2118 1013 2159 opus
1059 2108 1167 2148 erat.
1242 2105 1386 2159 Atque
1424 2117 1472 2146 re
1508 2116 1633 2154 vera,
1679 2102 1762 2144 etsi

209 2182 355 2227 news
383 2172 432 2216 in
460 2172 633 2227 graecis
665 2185 809 2228 neque
839 2174 885 2217 in
924 2174 1075 2217 latinis
1114 2174 1387 2217 carminibus
1425 2171 1762 2225 monostrophis

206 2241 383 2285 numeri
409 2242 622 2297 aequales
652 2243 963 2294 observantur,
986 2243 1303 2298 grammaticos
1324 2242 1543 2298 quosdam
1564 2240 1763 2284 carmina

203 2311 532 2366 monostropha
561 2311 775 2355 habuisse
803 2325 886 2367 pro
918 2313 1132 2367 epodicis,
1163 2313 1209 2356 in
1230 2313 1392 2368 quibus
1413 2311 1546 2366 epodi
1566 2310 1762 2353 omissae

204 2381 324 2431 sunt,
354 2379 584 2424 nonnullis
614 2380 887 2424 testimoniis
918 2382 1255 2436 comprobatur:
1286 2381 1342 2424 cf.
1374 2381 1501 2424 Caes.
1535 2380 1660 2422 Bass.
1690 2378 1761 2420 GL

204 2447 260 2492 vi
287 2447 389 2499 266,
419 2448 648 2500 sti—267,
684 2450 727 2500 1,
763 2450 869 2493 Atil.
907 2450 1025 2493 Fort.
1066 2450 1171 2493 ibid.
1202 2464 1243 2505 p.
1275 2450 1379 2500 294,
1410 2448 1615 2499 eor—27,
1653 2447 1760 2490 Mar.

201 2516 324 2562 Uict.
352 2530 396 2572 p.
422 2518 492 2569 59,
513 2517 624 2560 6-7
657 2522 789 2570 „sunt
817 2519 1036 2574 quaedam
1060 2519 1272 2571 carmina,
1303 2531 1416 2574 quae
1438 2516 1765 2571 monostropba

199 2585 500 2642 appellantur,
530 2585 651 2641 quod
681 2586 817 2630 duas
848 2588 1059 2642 periodos
1098 2592 1142 2631 et
1179 2600 1256 2631 eas
1294 2602 1425 2643 pares
1457 2588 1651 2632 habeant
1682 2599 1760 2629 ne·

203 2666 291 2711 que
317 2655 465 2710 epodo
493 2658 543 2698 ut
571 2654 661 2698 alia
690 2656 1056 2708 concludantur⁴‘‚
1086 2657 1142 2700 de
1172 2658 1333 2712 quibus
1371 2658 1482 2700 locis
1521 2657 1637 2700 infra
1666 2656 1758 2699 dic—

197 2725 330 2768 turus
360 2736 474 2767 sum.
533 2723 735 2767 Eandem
766 2725 858 2769 fere
889 2726 1159 2769 sententiam
1198 2739 1252 2769 ex
1291 2726 1474 2769 scholiis
1507 2725 1757 2769 Pindaricis

196 2790 538 2848 deprompsisse
566 2792 741 2836 videtur
770 2793 823 2836 Is.
856 2793 1040 2838 Tzetzes
1071 2808 1112 2849 p.
1142 2795 1212 2844 65,
1248 2795 1317 2838 16:

319 2905 347 2955 ι)
370 2907 410 2944 Si
434 2907 582 2943 ariolari
606 2907 703 2950 licet.
727 2910 824 2955 apud
849 2909 1019 2946 Aristidis
1044 2913 1230 2947 auctorem
1261 2911 1353 2947 haec
1379 2912 1454 2946 sere
1479 2909 1613 2957 scripta
1645 2909 1757 2945 ruisse

203 2965 438 3003 eoniwerirn:
464 2962 714 3011 ἀπολελυμένα
740 2969 801 3011 μὲν
825 2966 873 3010 ὥς
898 2968 994 3013 παρα·
1019 2973 1091 3011 τοῖς
1114 2973 1285 3013 κωμικοῖς
1310 2971 1347 3003 δν
1370 2973 1446 3011 ταῖς
1469 2967 1689 3013 παραβάσεσι
1711 2969 1756 3003 τὰ

200 3026 281 3068 vta
302 3026 426 3070 πρᾶτα
450 3025 604 3070 ᾅσματα,
629 3025 724 3060 κατὰ
749 3028 866 3070 σχίσιν
890 3028 930 3062 δὲ
953 3025 1001 3071 ὥς
1026 3027 1070 3062 τὰ
1094 3029 1199 3073 hapa
1223 3028 1267 3063 τὰ
1292 3024 1571 3072 ἀναστρέφοντα.
