2196 3438
1205 328 1262 373 ΞΟ

467 473 577 517 haec
608 472 842 515 difficultas
864 467 1123 513 dissolvitur
1153 468 1285 511 simul
1317 480 1417 511 cum
1448 479 1514 518 ea,
1545 479 1679 522 quam
1708 468 1843 511 antea
1877 465 2017 522 sitni-

461 541 598 585 ficavi.
648 541 845 584 Primum
875 542 1106 582 teneamus
1137 539 1314 593 oportet
1333 550 1426 588 θος,
1456 535 1531 591 qui
1549 535 1753 580 ultimam
1773 533 2012 580 enchiridii

462 614 635 666 partem
697 610 839 664 capite
890 608 985 663 περὶ
1035 604 1266 663 ποιήματος
1317 606 1520 649 effectam
1579 617 1680 649 esse
1729 602 2016 661 sumpeerint,

464 678 666 733 redargui
727 677 857 719 simul
917 678 960 719 et
1015 674 1322 719 Choerobosci
1389 676 1433 717 et
1490 676 1750 717 nostrorum
1813 671 2017 718 codicum

464 747 681 791 memoria
725 758 807 788 nec
852 758 945 788 non
990 744 1139 787 verbis
1185 743 1273 787 illis
1317 756 1360 798 p.
1399 743 1467 795 59,
1517 743 1567 786 12
1597 742 1667 786 W.
1705 744 1888 786 οοσωῦοα
1922 741 2019 798 περὶ

464 816 653 873 μὲτρων·.
685 816 780 871 περὶ
816 814 863 856 δὲ
900 810 1130 870 ποιήματος
1168 811 1263 869 ἑξῆς
1293 811 1454 868 ῥητέον,
1486 812 1646 867 quibus
1683 810 1828 855 maior
1855 809 2017 857 incisio

464 884 700 939 significari
744 883 919 926 videtur
963 895 1095 938 quam
1141 894 1254 937 quae
1299 881 1416 925 inter
1460 881 1548 924 duo
1588 881 1736 936 capita
1766 892 1868 926 sese
1897 878 2018 924 exci-

464 954 630 1009 pientia
674 953 768 997 fieri
814 953 968 996 soleat.
1041 951 1184 994 Aliter
1229 950 1350 994 enim
1395 949 1681 994 iudicandum
1727 951 1799 993 est
1841 949 1899 992 de
1931 947 2019 992 hac

467 1024 703 1075 locutione,
748 1022 877 1065 aliter
917 1021 972 1064 de
1008 1020 1173 1064 talibus
1212 1020 1367 1076 quales
1403 1020 1610 1075 leguntur
1646 1033 1690 1074 p.
1719 1019 1789 1071 43,
1823 1018 1946 1061 13-
1965 1016 2019 1061 18

465 1096 507 1136 et
537 1094 605 1145 57,
637 1093 661 1134 7
685 1115 736 1122 —
763 1092 815 1134 14
843 1091 927 1143 W.‚
959 1090 1119 1146 quibus
1160 1102 1261 1133 cum
1298 1089 1458 1132 mediis
1490 1088 1784 1144 interpositae
1814 1087 1907 1131 sint
1935 1096 2020 1130 no-

464 1175 620 1204 vorum
652 1159 848 1215 capitum
879 1159 1212 1215 inscriptioneS‚
1243 1158 1510 1213 copulantur
1539 1158 1682 1212 magis
1713 1169 1848 1213 quam
1868 1167 2020 1211 segre-

465 1234 624 1285 gantur
645 1230 821 1284 singula
841 1229 1000 1284 capita.
1063 1228 1237 1272 Tamen
1258 1230 1302 1271 et
1322 1227 1399 1270 illa
1427 1228 1564 1270 verba
1596 1230 1639 1270 et
1670 1238 1723 1269 ea
1752 1238 1867 1281 quae
1886 1227 2020 1269 antea

464 1299 590 1343 attuli
635 1299 766 1342 nobis
810 1300 1132 1354 persuaserunt
1160 1297 1542 1352 Hephaestionem
1592 1295 1720 1351 quasi
1757 1293 2019 1351 appendicis

465 1369 563 1411 loco
596 1367 844 1411 enchiridio
875 1367 1075 1410 libellum
1105 1366 1330 1422 quendam
1358 1366 1453 1421 περὶ
1477 1363 1708 1421 ποιήματος
1725 1363 2019 1408 adnexuisse:

466 1438 534 1480 cui
567 1437 817 1481 sententiae
848 1436 1084 1480 enchiridii
1115 1435 1318 1479 condicio
1348 1447 1441 1478 non
1462 1433 1749 1477 mediocriter
1778 1432 1910 1476 favet.
1967 1430 2020 1474 In

466 1506 674 1550 universa
719 1506 840 1549 enim
885 1505 1121 1549 enchiridii
1168 1504 1319 1547 indole
1364 1505 1450 1547 hoc
1495 1502 1688 1546 maxime
1732 1501 1895 1545 mirum
1932 1502 2018 1553 est,

466 1575 598 1631 quod,
628 1588 898 1631 quamquam
929 1575 1186 1618 scholarum
1218 1574 1263 1616 in
1293 1586 1425 1616 usum
1456 1575 1526 1616 est
1556 1571 1786 1628 scriptum,
1823 1569 1883 1614 ad
1925 1581 2017 1625 quo

466 1644 715 1688 difficiliora
759 1646 903 1687 metra
947 1642 1190 1698 disputatio
1234 1641 1457 1697 procedit,
1504 1654 1557 1684 eo
1603 1639 1831 1695 copiosior
1874 1650 2020 1695 neque

465 1727 570 1757 vero
593 1713 830 1757 dilucidior
849 1713 897 1755 fit
917 1711 1166 1767 explicatio.
1225 1711 1291 1754 Ea
1318 1710 1618 1766 potissimum,
1650 1722 1764 1764 quae
1800 1708 1857 1751 de
1886 1718 2020 1764 asyn-

466 1783 621 1827 artetis
658 1781 1044 1837 praescribuntur,
1084 1783 1129 1823 et
1166 1780 1307 1823 multo
1342 1779 1471 1834 plura
1508 1791 1609 1822 esse
1646 1777 1856 1821 videntur
1885 1789 2020 1832 quam

469 1866 580 1908 quae
610 1851 833 1896 tironibus
865 1850 1107 1894 ediscenda
1138 1849 1230 1892 sint
1232 1849 1283 1904 ‚¹)
1314 1851 1360 1892 et
1389 1849 1528 1891 multo
1559 1846 1866 1925 neglegentius
1885 1847 2020 1901 atque

468 1921 718 1965 intricatius
771 1920 1010 1975 descripta,
1063 1932 1198 1975 quam
1250 1931 1363 1974 quae
1406 1918 1578 1961 tirones
1631 1915 1795 1960 animis
1838 1913 2021 1970 assequi

466 1991 655 2046 possint.
733 1990 872 2033 Recte
922 1989 1054 2045 igitur
1105 1985 1451 2043 Westphalius2)
1508 1987 1595 2029 hoc
1644 1987 1778 2040 caput
1824 1984 1882 2028 ab
1931 1983 2021 2027 He—

467 2059 733 2114 phaestione
769 2073 928 2114 parum
966 2058 1202 2112 diligenter
1240 2070 1295 2100 ex
1332 2056 1502 2099 maiore
1540 2053 1790 2099 enchiridio
1836 2065 2022 2108 excerp·-

467 2132 561 2171 tum
591 2142 690 2171 esse
722 2128 890 2171 statuit.
948 2127 1167 2170 Libellum
1195 2126 1290 2182 περὶ
1318 2122 1560 2182 ποιήματος,
1592 2124 1667 2179 qui
1699 2122 2021 2167 Choerobosco

468 2200 648 2253 praesto
698 2200 815 2251 erat,
867 2210 961 2240 non
1012 2196 1255 2239 admodum
1311 2208 1498 2250 parvum
1543 2193 1684 2236 fuisse
1742 2192 1847 2235 inde
1891 2190 2022 2234 facile

470 2267 666 2322 colligas,
711 2266 833 2322 quod
878 2266 1185 2309 Choerobosci
1229 2267 1376 2308 aetate
1412 2262 1637 2319 peculiare
1669 2260 1824 2319 βιβλίον
1852 2258 2022 2311 effecit3

471 2336 589 2379 idem
619 2335 890 2389 intellegitur
927 2334 1062 2378 etiam
1100 2347 1155 2377 ex
1185 2333 1449 2389 posterioris
1489 2330 1802 2376 commentarii
1837 2329 2023 2374 ambitu.

471 2404 720 2447 Transtulit
763 2404 896 2458 igitur
939 2403 1238 2459 Hephaestio,
1288 2416 1420 2459 quem
1470 2402 1517 2445 in
1566 2401 1723 2444 ultimo
1773 2397 2022 2444 enchiridio

471 2474 745 2516 conficiendo
777 2487 938 2528 operae
968 2476 1223 2528 pertaesum
1254 2475 1336 2525 est,
1367 2485 1582 2527 generum
1611 2470 1860 2514 carminum
1889 2479 2022 2511 enar-

470 2543 702 2595 rationem,
747 2545 796 2585 ut
840 2542 983 2586 labori
1019 2544 1238 2597 parceret,
1281 2542 1475 2585 fortasse
1512 2541 1570 2584 ad
1607 2540 1794 2583 verbum
1831 2550 1888 2581 ex
1927 2529 2024 2580 am-

471 2611 611 2665 pliore
642 2611 903 2664 enchiridio,
943 2625 1044 2662 cum
1082 2614 1298 2667 quantum
1337 2611 1382 2653 in
1415 2610 1582 2654 scholis
1614 2607 1899 2664 interpretari
1932 2606 2025 2650 vel-

475 2681 566 2722 lent
613 2681 798 2735 singulis
844 2680 1071 2735 magistris
1110 2679 1444 2735 permitteret.³)
1504 2679 1595 2723 Sed
1634 2678 1727 2721 sive
1767 2676 1890 2732 quod
1916 2688 2025 2732 poe-

591 2807 617 2852 ¹)
643 2807 924 2843 Choerohoscus
958 2807 1052 2843 haec
1084 2808 1253 2843 consulto
1285 2808 1333 2843 ab
1358 2805 1549 2843 enchiridii
1582 2803 1885 2850 interpretatione
1908 2801 2025 2839 seelu-

474 2865 565 2899 sisse
592 2865 750 2907 videtum
775 2865 820 2901 cf.
847 2864 978 2901 Choer.
1003 2877 1037 2911 p.
1062 2866 1118 2907 88,
1144 2867 1176 2901 9.

588 2922 617 2967 ²)
642 2923 797 2967 Allgem.
823 2923 923 2958 Metr.
949 2924 1005 2958 ed.
1032 2923 1081 2958 111
1111 2935 1144 2969 p.
1170 2925 1249 2959 300.

589 2980 615 3025 ³)
641 2981 767 3015 Simile
805 2981 891 3025 quid
929 2982 1039 3016 etiam
1077 2982 1188 3016 hodie
1214 2982 1250 3016 in
1284 2982 1356 3016 fine
1394 2981 1570 3016 librorum
1608 2979 1819 3015 scholarum
1849 2977 1931 3014 usui
1963 2978 2025 3014 de⁶

474 3038 698 3082 signatorum
722 3050 796 3073 non
822 3050 904 3074 raro
930 3040 1167 3084 deprehendi,
1194 3040 1252 3074 vix
1279 3042 1336 3074 est
1360 3039 1460 3084 quod
1486 3038 1622 3074 diserte
1645 3047 1832 3073 moneam.
