2196 3438
1211 313 1292 356 108

471 450 779 505 Aphthonium
812 451 1049 506 scripsisse
1080 451 1305 506 suspicor:
1338 452 1504 505 „mixta
1533 456 1683 497 autem
1716 468 1830 511 quae
1866 455 2032 512 partim

474 522 580 563 sunt
609 519 719 562 κατὰ
749 520 891 576 στίχον
919 521 1086 575 partim
1114 521 1440 576 <systematica.
1502 521 1713 566 Carmina
1741 525 1891 568 autem
1920 522 2034 568 κατὰ

471 588 614 645 στίχον
652 590 814 644 partim
853 593 958 632 sunt
997 588 1153 646 ἄμικτα
1186 590 1350 644 partim
1396 589 1522 647 μικτὰ
1557 589 1670 634 κατὰ
1706 590 1850 649 στίχον
1883 592 2033 649 velut>

472 672 525 701 ex
558 659 760 701 trimetro
792 662 835 702 et
866 662 1127 702 tetrametro
1158 659 1311 711 mixta,
1343 673 1611 715 quamquam
1651 673 1743 703 non
1780 674 1872 706 uno
1900 675 2034 707 versu

473 740 651 782 semper
697 728 900 782 sensus¹)
949 729 1181 783 expleatur
1225 731 1274 772 ut
1309 729 1413 785 <et>
1458 729 1504 771 in
1550 729 1690 783 elegia
1733 730 1803 774 vel
1846 730 2032 787 ψυῶν*

472 796 513 839 h.
546 811 582 839 e.
616 797 749 840 etiam
789 811 843 840 ex
881 797 1086 840 trimetro
1131 800 1176 840 et
1219 801 1481 842 tetrametro
1526 797 1667 841 mixta
1704 801 1750 842 et
1786 799 1955 855 elegiae
1984 802 2034 844 et

470 866 602 919 epodi
634 867 908 910 carminibus
938 866 1049 910 κατὰ
1079 866 1221 924 στίχον
1250 868 1616 920 adnumerantur,
1638 882 1908 925 quamquam
1926 881 2031 915 cnm

470 936 556 978 hoc
586 949 749 990 genere
778 950 977 992 pugnare
1014 937 1206 988 videtur,
1252 938 1372 993 quod
1410 951 1503 981 non
1541 951 1595 981 ex
1633 951 1725 981 uno
1760 950 1893 982 versu
1923 950 2033 983 con·

469 1004 682 1048 tinentur.
742 1006 938 1049 Hensius
968 1020 1011 1061 p.
1042 1007 1111 1058 57,
1142 1007 1168 1048 9
1200 1007 1416 1050 vocabulo
1448 1007 1676 1062 „epodoe“
1717 1007 1864 1051 deleto
1894 1007 2032 1052 verba

470 1087 610 1129 „quae
657 1075 864 1118 similiter
907 1075 1018 1117 κατὰ
1056 1074 1239 1132 δίστιχον
1276 1075 1412 1132 fiunt“
1451 1078 1556 1130 post
1586 1076 1801 1131 „epodis“
1829 1090 1874 1132 p.
1902 1076 1974 1129 57,
2003 1077 2032 1119 6

469 1143 731 1187 collocanda
775 1157 876 1187 esse
921 1144 1178 1188 dubitanter
1228 1145 1432 1188 coniecit.
1499 1145 1591 1189 Sed
1637 1145 1851 1201 quoniam
1895 1146 2032 1191 verba

468 1213 543 1255 illa
574 1212 636 1256 ita
673 1217 722 1256 ut
762 1214 930 1268 scripta
968 1217 1074 1257 sunt
1118 1214 1320 1270 quamvis
1366 1227 1498 1269 aegre
1541 1217 1735 1269 possunt
1771 1217 1925 1259 tamen
1962 1214 2032 1258 in·

467 1282 628 1336 tellegi,
662 1282 801 1325 satius
831 1284 1006 1327 videtur
1035 1285 1083 1327 in
1114 1285 1319 1328 codicum
1351 1285 1543 1328 lectione
1581 1284 1889 1340 acquiescere,
1928 1297 2029 1329 cum

468 1353 589 1393 certa
619 1352 874 1394 emendatio
911 1353 1104 1407 proferri
1143 1356 1348 1408 nequeat.
1415 1353 1570 1397 Nullos
1607 1357 1757 1397 movet
1794 1355 2030 1410 scrupulos

467 1419 718 1463 carminum
739 1418 1012 1478 ἀμεταβόλων
1032 1425 1076 1465 et
1097 1421 1381 1479 μεταβολικῶν
1401 1422 1644 1477 descriptio
1662 1423 1722 1478 (p.
1739 1423 1808 1475 57,
1833 1423 2030 1479 10-15),

468 1489 547 1532 sed
594 1489 756 1532 idoneo
804 1503 942 1533 sensu
986 1504 1173 1545 prorsus
1220 1494 1375 1535 carent
1418 1492 1556 1535 verba
1600 1492 1660 1547 (p.
1691 1493 1760 1545 57,
1802 1493 1855 1536 15
1894 1494 2028 1549 sqq.):

467 1559 634 1610 „haec
666 1558 801 1601 etiam
833 1559 879 1601 in
911 1560 1186 1603 carminibus
1219 1593 1228 1602 .
1261 1593 1270 1603 .
1304 1593 1314 1603 .
1345 1558 1564 1616 προῳδικά
1593 1563 1638 1603 et
1673 1559 1861 1616 ἐπῳδικά
1896 1574 2030 1606 voca·

467 1630 667 1671 verunt.“
735 1628 896 1671 Nescio
934 1642 994 1671 an
1031 1630 1319 1684 Aphthonius
1364 1630 1426 1672 ita
1463 1629 1556 1672 fere
1595 1629 1847 1684 scripserit:
1891 1630 2030 1683 „haec

465 1696 600 1739 etiam
630 1697 677 1739 in
708 1697 981 1741 carminibus
1013 1712 1126 1753 quae
1157 1702 1311 1742 mutuo
1342 1699 1519 1741 adnexa
1550 1698 1613 1741 ita
1642 1711 1696 1741 ex
1732 1712 1782 1742 se
1810 1699 2024 1754 pendent,

465 1769 513 1808 ut
542 1767 730 1809 alterum
763 1767 860 1810 sine
898 1768 1040 1810 altero
1082 1768 1227 1811 audiri
1264 1781 1356 1811 non
1393 1767 1559 1823 possit;
1604 1768 1777 1823 (quae)
1812 1765 2030 1825 προῳδικοὶ

465 1837 509 1877 et
554 1834 740 1890 ἐπῳδικά
785 1840 1057 1879 vocaverunt
1089 1869 1132 1879 ..
1154 1870 1164 1880 .
1194 1840 1244 1880 ut
1280 1837 1328 1879 fit
1371 1837 1419 1879 in
1464 1837 1748 1880 hexametro:
1792 1835 2028 1894 προῳδιαόν

464 1906 611 1960 ipsum
650 1918 759 1959 epos
798 1907 930 1957 etc.“;
971 1920 1057 1961 qua
1103 1906 1361 1949 coniectura
1403 1906 1596 1961 probata
1643 1907 1755 1949 haec
1804 1906 2029 1950 sententia

469 1975 735 2017 efficeretur:
767 1973 1052 2032 ,,μεταβολικοί
1088 1978 1193 2018 sunt
1221 1978 1365 2018 metra
1398 1975 1570 2030 tragica
1600 1978 1644 2018 et
1674 1975 1857 2019 comica.
1914 1975 2026 2020 Nam

464 2057 555 2086 non
597 2044 755 2094 solum⁴
787 2044 906 2099 apud
950 2045 1148 2100 reliquos
1178 2047 1336 2100 poetas
1375 2045 1572 2100 tragicos
1611 2044 1910 2100 comicosque,
1946 2044 2028 2088 sed

464 2113 598 2155 etiam
629 2113 748 2167 apud
767 2114 1062 2157 Menandrum
1093 2115 1150 2157 ab
1181 2114 1281 2157 aliis
1310 2114 1468 2157 metris
1489 2114 1548 2157 ad
1568 2114 1656 2157 alia
1675 2126 1843 2168 genera
1858 2113 2026 2158 transi-

463 2186 534 2225 tus
563 2183 623 2225 fit.
684 2182 774 2225 Sed
804 2183 891 2226 hoc
927 2197 1013 2226 usu
1050 2183 1173 2226 venit
1210 2184 1345 2226 etiam
1392 2184 1439 2226 in
1485 2183 1760 2226 carminibus
1795 2182 2024 2238 proodicis

462 2255 595 2306 atque
615 2251 859 2306 epodicis“.
909 2251 972 2294 Ne
1004 2252 1069 2294 eis
1101 2251 1281 2307 quidem
1312 2265 1422 2307 quas
1453 2251 1669 2306 proposui
1699 2250 2023 2295 mutationibus

463 2321 578 2363 hanc
610 2321 664 2363 de
694 2323 953 2375 poematum
985 2321 1221 2376 speciebus
1253 2321 1586 2364 enarrationem
1616 2321 1741 2364 omni
1771 2320 2024 2364 offensione

463 2389 644 2432 liberari
675 2403 766 2432 non
797 2402 869 2432 me
908 2389 1038 2443 fugit,
1083 2403 1238 2433 verum
1276 2402 1369 2432 non
1415 2389 1561 2433 solum
1599 2389 1897 2442 Victorinum,
1939 2388 2023 2432 sed

462 2458 597 2501 etiam
634 2458 945 2512 Aphthonium
989 2471 1123 2513 saepe
1167 2458 1318 2513 inepte
1362 2461 1596 2501 auctorum
1633 2471 1746 2513 quos
1783 2457 2022 2514 exscripsit

462 2530 506 2570 et
534 2528 672 2570 verba
702 2530 746 2570 et
777 2527 1023 2570 sententias
1054 2528 1326 2582 pervertisse
1358 2530 1550 2570 constat.

574 2597 725 2651 Itaque
775 2597 987 2652 quoniam
1037 2610 1150 2651 quae
1193 2596 1481 2651 Aphthonius
1532 2596 1769 2651 scripsisse
1815 2595 2021 2639 videatur

462 2669 677 2720 quantum
707 2666 801 2708 fieri
830 2665 975 2719 potuit
1007 2665 1338 2717 reconcinnavi,
1370 2664 1686 2719 inquirendum
1716 2666 1785 2708 est
1811 2677 1839 2707 a
1858 2663 2019 2718 quibus

461 2734 718 2777 auctoribus
749 2734 1036 2790 Aphthonius
1068 2734 1185 2778 hanc
1221 2735 1315 2790 περὶ
1349 2731 1582 2790 ποιήματος
1617 2733 1870 2784 doctrinam
1906 2731 2020 2787 peti-

460 2802 585 2844 verit.
635 2803 780 2857 Atque
812 2815 913 2845 cum
945 2802 999 2844 de
1029 2803 1188 2846 Caesio
1212 2806 1288 2845 aut
1309 2802 1584 2846 Terentiano
1606 2801 1791 2856 cogitari
1814 2803 2018 2856 nequeat,

578 2963 604 3008 ¹)
629 2974 756 2999 versus
779 2962 887 3006 codd„
912 2973 1043 2998 sensus
1068 2961 1154 2998 Keil
1176 2963 1236 3006 (cf.
1262 2963 1352 2998 Vict.
1378 2973 1413 3008 p.
1429 2962 1487 3005 58,
1513 2962 1566 2997 17.
1595 2962 1671 3002 161,
1689 2961 1744 2996 25.
1772 2961 1850 3003 163,
1876 2959 1922 2996 14
1935 2960 2018 3007 ΒΨ),

460 3024 614 3056 metrum
642 3019 785 3056 Caesar.
