2196 3438
1192 316 1274 359 100

451 457 651 512 Denique
700 455 952 499 differentia
1003 455 1138 498 modo
1188 454 1366 510 depicta
1416 453 1687 509 significatur
1736 456 1869 510 atque
1917 454 2011 497 sta-

448 526 602 569 bilitur
632 526 779 568 verbis
818 524 1157 579 insequentibus
1195 523 1397 579 quamvis
1435 522 1650 566 mutilatis
1689 522 1833 575 „solet
1869 522 2010 567 enim

449 594 752 637 abundantior
782 597 825 636 et
855 593 1030 647 plenior
1061 592 1210 635 cantio
1247 592 1442 635 habere“
1482 605 1544 635 sc.
1576 591 1828 647 complures
1861 589 2012 647 perio·

449 664 587 717 dos.¹)
652 663 779 706 Hanc
819 663 938 705 enim
985 661 1204 705 enuntiati
1249 661 1367 705 illius
1414 661 1685 704 sententiam
1730 660 1869 704 fixisse
1904 671 2012 716 pro-

449 732 596 775 babile
626 735 707 775 est.
767 731 957 774 Keilium
987 745 1029 786 p.
1067 731 1130 783 17,
1161 731 1210 774 21
1246 744 1328 786 pro
1361 730 1746 785 „antistrophen“,
1784 728 1907 786 quod
1942 732 2012 774 est

452 802 496 843 in
529 801 682 843 codice
711 801 1020 855 Neapolitano,
1052 803 1173 843 recte
1205 799 1441 855 scripsisse
1473 802 1606 851 „ante
1641 798 1886 854 stropben“
1917 810 2012 843 non

452 870 719 924 negaverim,
749 870 830 912 sed
851 869 1121 912 sententiam
1150 881 1284 924 quam
1303 868 1471 912 Keilius
1493 868 1641 911 effecit
1660 868 1848 912 lacunae
1868 866 2012 922 signo,

449 939 567 994 quod
599 939 645 981 in
674 939 825 993 priore
856 938 1054 980 editione
1083 940 1187 992 post
1219 937 1439 989 „habere“
1478 939 1705 992 posuerat,
1730 936 1880 980 deleto
1915 947 2011 980 non

450 1008 585 1050 modo
616 1007 923 1050 Fortunatiani
953 1006 1147 1058 auctori,
1186 1019 1339 1049 verum
1375 1019 1433 1048 ne
1469 1005 1794 1049 Fortunatiano
1831 1004 2012 1061 quidem

450 1077 780 1120 vindicaverim.
839 1075 1190 1119 Fortunatianus
1220 1078 1458 1130 postquam
1489 1087 1645 1130 pauca,
1685 1086 1877 1130 quorum
1903 1085 2012 1129 pars

450 1148 610 1190 lacuna
639 1147 802 1189 hausta
836 1158 937 1188 esse
974 1145 1170 1197 videtur,
1209 1145 1264 1187 de
1303 1144 1578 1187 carminibus
1614 1143 1841 1199 proodicis
1877 1145 2012 1199 atque

450 1215 690 1258 mesodicis
722 1218 766 1257 et
797 1214 853 1257 de
884 1214 1182 1269 responsione
1213 1214 1331 1256 intra
1362 1213 1507 1268 ipsam
1536 1212 1728 1256 triadem
1766 1211 2013 1267 conspicua

451 1285 643 1336 monuit,
689 1298 790 1327 eum
836 1284 910 1339 qui
947 1284 1077 1338 plura
1121 1283 1177 1326 de
1215 1283 1358 1326 triade
1396 1285 1631 1338 quaereret
1666 1282 1724 1325 ad
1770 1281 2012 1336 magistros

451 1354 644 1396 Graecos
667 1353 894 1407 relegavit,
916 1365 1016 1395 cum
1037 1352 1123 1407 ipsi
1144 1351 1318 1394 Horatii
1339 1351 1574 1406 interpreti
1594 1350 1788 1394 triadum
1808 1349 2014 1406 exempla

451 1423 676 1465 deessent.
735 1422 862 1465 Hanc
894 1422 949 1464 de
978 1421 1125 1464 triade
1156 1420 1501 1475 explicationem
1530 1434 1572 1475 p.
1598 1420 1663 1472 17,
1697 1419 1866 1463 11-—24
1891 1418 2013 1464 unde

452 1492 652 1534 hauserit
681 1491 843 1535 Atilius
874 1491 1108 1545 apparebit
1144 1490 1344 1542 demum,
1382 1490 1458 1533 ubi
1489 1489 1707 1532 Victorini
1740 1489 1883 1532 libros
1910 1500 2015 1544 per-

451 1561 770 1604 censuerimus,

566 1629 847 1673 Victorini
885 1629 1110 1672 enarratio
1141 1642 1183 1684 p.
1214 1630 1283 1681 56,
1318 1629 1514 1680 15—60,
1546 1629 1601 1671 25
1633 1631 1677 1670 et
1707 1626 1940 1683 scriptoris
1970 1629 2016 1671 et

452 1700 737 1742 librariorum
767 1699 941 1741 incuria
970 1702 1063 1741 tam
1101 1699 1231 1741 foede
1269 1698 1513 1753 depravata
1551 1700 1640 1748 est,
1685 1699 1735 1739 ut
1771 1709 1864 1740 non
1909 1706 2014 1739 raro

452 1769 558 1824 quid
595 1768 872 1819 Victorinus,
918 1768 1025 1822 quid
1064 1768 1374 1822 Aphthonius,
1419 1767 1526 1822 quid
1570 1765 1821 1821 Aphthonii
1857 1766 2015 1808 auctor

453 1837 683 1892 scripserit
713 1840 835 1880 certo
866 1837 1039 1879 definiri
1070 1839 1275 1892 nequeat.
1324 1835 1590 1879 Accuratius
1610 1837 1761 1878 autem
1781 1833 2010 1890 quamad-

453 1908 538 1949 huc
569 1907 734 1949 sactum
766 1909 835 1948 est
866 1919 979 1961 quae
1011 1905 1198 1959 singulis
1230 1905 1479 1948 debeantur
1508 1903 1705 1947 discerni
1734 1915 1872 1958 posse
1900 1902 2011 1946 mihi

452 1976 670 2031 persuasi.
729 1977 875 2030 Atque
903 1975 1077 2018 etiamsi
1101 1988 1215 2030 quae
1241 1987 1495 2030 proponam
1526 1987 1618 2016 non
1648 1973 1706 2016 ab
1737 1972 1861 2016 omni
1874 1972 2014 2028 'parte

454 2048 575 2087 certa
606 2044 711 2095 sint,
742 2044 936 2088 fortasse
964 2043 1099 2086 alicui
1129 2044 1187 2086 ad
1218 2046 1385 2086 rectam
1415 2043 1534 2086 viam
1564 2041 1884 2085 inveniendam
1909 2040 2012 2084 usui

455 2117 597 2156 erunt.
664 2113 843 2155 Initium
888 2113 1016 2167 capio
1061 2113 1118 2155 ab
1164 2126 1218 2155 ea
1259 2115 1408 2167 parte,
1454 2111 1524 2154 cui
1563 2111 1683 2154 idem
1721 2110 1823 2153 fons
1859 2109 2015 2154 subest

453 2187 585 2237 atque
605 2182 930 2225 Fortunatiano
959 2195 1002 2237 p.
1029 2183 1093 2233 17,
1119 2182 1286 2224 11-24
1306 2182 1349 2224 h.
1371 2195 1409 2224 e.
1440 2195 1467 2224 a
1486 2195 1528 2235 p.
1553 2181 1622 2232 58,
1638 2181 1666 2223 5
1687 2193 1784 2235 sqq.
1834 2178 2014 2222 Etenim

455 2252 512 2294 ad
542 2252 727 2294 verbum
755 2265 897 2306 usque
928 2252 1044 2294 duae
1074 2251 1176 2294 illae
1213 2251 1524 2293 enarrationes
1564 2249 1829 2300 concinunt,
1867 2247 2016 2291 cuius·

454 2321 575 2363 modi
622 2334 915 2373 consensum,
959 2321 1213 2375 ubicunque
1252 2320 1370 2363 inter
1408 2318 1686 2362 Victorinum
1723 2321 1768 2361 et
1795 2317 2015 2360 Fortuna-

454 2391 627 2433 tianum
664 2390 1034 2445 deprehenditur,
1081 2390 1146 2433 sic
1184 2390 1332 2432 solent
1376 2388 1584 2431 homines
1630 2387 1751 2431 docti
1788 2382 2030 2442 expedire,⁰

455 2463 504 2502 ut
532 2462 769 2514 utrumque
801 2460 959 2503 eodem
990 2459 1114 2502 fonte
1144 2472 1276 2502 usum
1311 2471 1412 2500 esse
1445 2460 1661 2500 statuant:
1707 2469 1841 2512 quam
1879 2455 2016 2499 ratio-

456 2542 559 2570 nem
591 2528 663 2570 hic
695 2542 870 2583 quoque
899 2529 1047 2571 valere
1079 2541 1181 2571 cum
1211 2541 1266 2571 ex
1296 2527 1396 2570 aliis
1427 2527 1560 2570 rebus
1592 2529 1686 2569 tum
1717 2539 1772 2569 ex
1795 2523 2013 2568 Victorini

457 2598 502 2639 in
535 2597 662 2640 initio
694 2597 1012 2640 additamentis
1052 2600 1096 2639 et
1132 2610 1188 2639 ex
1227 2596 1481 2639 differentia
1519 2596 1565 2638 in
1604 2595 1736 2650 epodi
1767 2595 1812 2638 et
1838 2593 2014 2648 periodi

458 2666 773 2721 explanatione
811 2667 871 2721 (p.
906 2667 975 2718 58,
1016 2667 1067 2708 13
1104 2667 1220 2721 sqq.)
1257 2665 1502 2720 conspicua
1540 2667 1739 2720 apparet.
1796 2662 2016 2706 Fortuna-

459 2736 567 2778 tiani
593 2736 938 2787 enarrationem,
971 2736 1008 2778 si
1040 2735 1282 2778 recesseris
1313 2747 1341 2778 a
1367 2734 1524 2789 paucis
1545 2733 1829 2798 librariorum
1850 2731 2016 2775 errori-

579 2908 588 2927 ¹
595 2917 604 2950 j
631 2908 701 2951 Qui
726 2907 973 2942 differentiam
990 2907 1093 2942 illam
1111 2918 1156 2942 ex
1172 2906 1296 2943 verbis
1312 2906 1457 2942 traditis
1481 2906 1683 2941 eruendam
1708 2915 1791 2940 esse
1815 2904 2017 2950 negaverit,

460 2966 597 3001 scribat
621 2978 774 3002 necesse
800 2969 857 3001 est
882 2967 998 3008 „haec
1023 2967 1133 3011 igitur
1156 2967 1279 3001 cantio
1304 2966 1430 3011 lyrica,
1455 2976 1550 3011 quae
1567 2968 1643 3000 tres
1659 2965 1728 3000 has
1751 2966 1875 3009 partes
1889 2962 2017 3004 habet.

463 3026 635 3070 periodos
661 3025 886 3069 appellatur;
913 3026 1043 3061 eadem
1069 3025 1169 3062 trias.
1196 3025 1284 3069 quia
1309 3036 1351 3059 ex
1378 3024 1494 3059 tribus
1519 3023 1608 3069 [his]
1633 3025 1809 3059 constern
