2196 3438
1216 314 1277 377 >8⁶

674 450 804 493 τοίνυν
836 450 1118 507 μονόστροφόν
1149 451 1232 494 ἐστι
1262 451 1422 508 στροφὴ
1453 450 1526 495 σὺν
1556 447 1821 510 ἀντιστρόφῳ.

674 514 864 575 ἀνόμοιον
895 517 917 561 ὁ
948 518 1125 575 ἐπῳδός·
1157 518 1209 562 τὰ
1237 519 1319 577 γὰρ
1350 519 1535 577 ἐπῳδικά
1563 534 1609 564 τε

673 586 771 630 ὅταν
802 586 975 643 στροφὴ,
1007 582 1273 644 ἀντίστροφος
1303 590 1375 631 καὶ
1406 588 1566 645 ἐπῳδὸς
1594 588 1795 648 τυγχάνῃ.

475 667 529 710 Et
559 668 674 710 hanc
707 668 1009 711 definitionem
1041 672 1085 712 et
1115 682 1213 712 eam
1245 683 1376 725 quam
1403 671 1573 725 profert
1595 671 1869 727 Hephaestio
1891 671 2028 729 signi-

474 738 572 779 ficat
618 738 801 781 Tzetzes
848 752 890 793 p.
928 738 994 790 73,
1026 739 1165 781 2—3.
1234 739 1435 795 Denique
1475 740 1681 784 conferas
1721 741 1861 786 schol.
1899 739 2028 786 pind.

475 806 600 860 Pylh.
635 807 683 849 Vl
724 807 809 849 ἔστι
854 807 899 849 δὲ
936 801 966 863 ’ἦ
986 805 1092 865 ,ᾠδὴ
1132 805 1430 865 μονόστροφος’
1469 809 1514 851 αἱ
1542 809 1588 852 δὲ
1625 807 1897 867 μονόστροφοι
1925 807 2030 854 dim*

475 873 674 930 στρόφους
704 876 847 932 ἔχουσι
876 874 951 927 τὰς
981 876 1163 933 στροφὰς
1193 874 1408 934 ἀλλήλαις,
1439 876 1546 921 ὥστε
1576 879 1646 921 ἴσα
1675 879 1777 922 εἶναι
1805 877 1857 923 τά
1885 892 1932 923 τε
1957 877 2032 936 τῆς

475 943 655 998 στροφῆς
699 945 771 986 καὶ
816 943 1096 1001 ἀντιστρόφου.
1171 946 1299 1001 Apud
1344 946 1555 990 Aristidis
1606 950 1835 992 auctorem
1881 950 2031 992 utrum

476 1015 626 1054 secuta
659 1013 715 1055 sit
747 1013 999 1068 explicatio,
1031 1027 1117 1069 qua
1148 1015 1347 1070 singulae
1378 1015 1553 1073 διμερῶν
1579 1017 1767 1072 species,
1798 1017 1845 1060 in
1870 1015 2031 1073 quibus

476 1081 674 1124 carmina
720 1083 850 1125 huius
896 1083 1016 1125 modi
1056 1083 1232 1127 ABAB
1272 1087 1315 1127 et
1354 1085 1547 1128 fortasse
1584 1085 1715 1128 huius
1755 1085 1932 1130 AABB
1961 1085 2032 1130 vel

475 1150 670 1193 AABB.
691 1184 699 1192 .
721 1151 793 1205 .C‚
829 1155 1114 1195 enumeratae
1146 1152 1330 1205 fuerint,
1371 1166 1513 1196 necne
1552 1167 1671 1197 nunc
1708 1154 1799 1198 iam
1837 1154 2032 1200 discerni

477 1220 643 1275 nequit.

589 1289 759 1343 Duplex
791 1290 836 1331 iu
869 1290 932 1332 eis
965 1304 1078 1345 quae
1107 1291 1155 1333 in
1176 1292 1200 1346 g
1218 1292 1247 1333 4
1271 1294 1517 1346 sequuntur
1547 1292 1816 1336 describitur
1846 1304 2034 1350 respon-

478 1357 620 1400 sionis
666 1371 827 1412 genus,
873 1359 1061 1402 alterum
1107 1361 1313 1415 aequale,
1360 1374 1458 1403 cum
1496 1361 1642 1416 primo
1684 1362 1896 1418 strophae
1934 1362 2033 1406 colo

478 1427 721 1482 respondet
758 1428 951 1483 primum
990 1429 1321 1484 antistrophae‚
1368 1430 1565 1474 secundo
1607 1430 1851 1475 secundum
1889 1434 1934 1476 et
1969 1431 2035 1476 sic

479 1496 704 1551 deinceps,
736 1497 923 1541 alterum
956 1499 1243 1550 contrarium,
1276 1512 1375 1541 cum
1414 1499 1559 1554 primo
1600 1500 1812 1555 strophae
1846 1513 1931 1556 par
1967 1503 2036 1544 est

478 1565 681 1608 ultimum
712 1566 1037 1622 antistrophae,
1070 1568 1266 1610 secundo
1297 1568 1619 1623 paenultimum
1651 1571 1694 1612 et
1724 1569 1789 1612 sic
1809 1568 2034 1625 deinceps.

480 1634 603 1686 Quae
633 1635 690 1677 ad
722 1635 818 1678 sola
849 1635 995 1692 διμερῆ
1028 1640 1230 1692 spectare
1269 1637 1496 1689 videntur;
1535 1651 1640 1681 nam
1679 1651 1811 1693 quam
1847 1637 2036 1682 voluerit

480 1704 725 1758 epodorum
776 1706 1119 1760 responsionem
1171 1719 1228 1749 ne
1285 1706 1421 1749 verbo
1472 1707 1650 1762 quidem
1702 1709 2035 1752 commemorat.

481 1772 800 1827 Bipartitorum
832 1774 1026 1817 evadunt
1057 1788 1219 1830 genera
1250 1775 1380 1818 haec:

1026 1854 1161 1984 A'Sb
1234 1945 1277 1983 et
1346 1943 1385 1984 A
1407 1857 1469 1967 §a
1442 1914 1471 1956 b
1543 1940 1593 1985 A'
1638 1911 1678 2013 ξ’,

1026 1942 1160 2077 Aid'
1637 2026 1674 2071 a'

480 2106 584 2148 Illae
615 2107 826 2161 strophae
866 2111 969 2150 sunt
1012 2107 1156 2162 prima
1195 2111 1238 2150 et
1275 2108 1415 2150 altera
1454 2107 1667 2151 carminis
1698 2109 2036 2165 monostrophi;

483 2175 567 2217 hae
599 2187 705 2218 num
736 2175 946 2219 differunt
975 2177 1032 2219 ab
1053 2176 1401 2231 Hephaestionis
1434 2176 1707 2220 carminibus
1732 2177 2038 2221 antitheticis?

483 2243 632 2298 Neque
663 2244 782 2287 enim
812 2245 855 2288 id
887 2246 1129 2301 quidquam
1166 2246 1313 2296 refert,
1352 2245 1471 2300 quod
1509 2245 1628 2300 apud
1657 2246 2038 2301 Hephaestionem

485 2311 723 2355 ἀντιθετικά
770 2328 906 2357 unum
958 2315 1213 2358 huiusmodi
1265 2315 1447 2358 schema
1496 2315 1870 2371 complectuntur,
1919 2315 2038 2371 apud

483 2382 726 2426 Aristidem
758 2384 995 2439 quominus
1025 2384 1155 2439 plura
1185 2384 1569 2439 comprehendant
1599 2384 1710 2427 nihil
1749 2385 1913 2428 obstat.
1969 2384 2038 2428 Re

484 2464 590 2494 vera
620 2465 813 2504 carmen,
853 2454 898 2496 in
939 2467 1026 2508 quo
1063 2453 1244 2496 schema
1288 2453 1600 2496 antitheticum
1637 2453 1708 2496 bis
1745 2456 1822 2496 aut
1859 2453 2037 2509 saepius

486 2524 703 2573 recurrat,
749 2523 831 2565 sub
869 2524 1023 2565 oculos
1062 2535 1153 2566 non
1193 2522 1324 2566 cadit.
1391 2522 1481 2566 Sed
1511 2522 1620 2566 illud
1651 2522 1813 2565 summi
1843 2524 2037 2566 estmo-

486 2589 644 2639 menti,
685 2592 803 2645 quod
839 2592 1202 2635 antitheticorum
1250 2591 1455 2634 condicio
1505 2591 1623 2646 apud
1658 2590 2038 2646 Hephaestionem

486 2658 681 2711 permira
726 2661 1101 2715 quemadmodum
1146 2664 1244 2703 orta
1289 2661 1346 2703 sit
1384 2660 1489 2703 hinc
1529 2659 1720 2703 dilucide
1755 2659 2037 2715 intellegitur.

488 2725 597 2769 Nam
628 2728 849 2772 Aristides
881 2743 979 2772 cum
1010 2730 1259 2773 antithetici
1291 2730 1504 2772 carminis
1534 2732 1706 2784 partem
1736 2728 1934 2783 priorem
1954 2742 2037 2784 pro

490 2798 687 2851 stropha,
720 2799 1016 2852 posteriorem
1046 2813 1128 2854 pro
1159 2799 1443 2853 antistropha
1473 2799 1670 2849 haberet,
1708 2797 1828 2840 haud
1860 2797 2039 2853 illepide

491 2865 574 2907 hoc
606 2880 745 2919 genus
776 2869 966 2911 usitatae
998 2869 1171 2925 διμερῶν
1202 2868 1372 2910 formae
1405 2867 1625 2923 opposuit.
1675 2866 1822 2909 Etiam
1841 2867 2038 2921 apertius

491 2933 536 2975 in
567 2933 841 2979 antitheticis
871 2937 1056 2991 stropha
1076 2939 1118 2979 et
1142 2936 1425 2990 antistropha
1446 2935 1777 2990 distinguuntur
1796 2934 1853 2978 ab
1873 2935 2039 2979 Ioanne

491 3001 721 3054 Siceliota‚
761 3005 834 3058 qui
871 3005 916 3047 in
955 3005 1085 3048 Rhet.
1124 3018 1268 3059 graec.
1307 3006 1360 3047 Vl
1396 3019 1438 3059 p.
1473 3005 1566 3058 129,
1597 3004 1622 3047 7
1661 3018 1757 3059 sqq.
1788 3003 1893 3059 (W.)
1923 3005 2039 3048 hanc
