2196 3438
1213 301 1242 345 4

380 443 434 488 Η
565 442 661 485 cod.
680 441 733 484 H
742 460 792 478 =
804 439 1071 484 Harleianus
1088 440 1200 483 5618
1216 439 1358 483 musei
1379 439 1650 491 Britannici3
1667 439 2002 485 cf.Hoerschel-

452 524 589 555 mann
619 511 734 554 MRh
764 524 806 566 p.
838 510 934 553 278.

379 576 430 620 Ν
563 580 660 623 cod.
693 577 745 621 N
770 598 820 615 =
852 578 1176 622 Nort'olciensis
1206 577 1314 621 bibl.
1347 590 1437 633 reg.
1469 590 1560 621 soc.
1590 577 1781 622 Londin.

365 645 425 689 Fl
554 647 626 690 ΓΙ.
672 668 724 685 =
770 648 907 691 editio
952 647 1162 703 princeps
1214 660 1328 703 quae
1371 646 1626 691 Florentiae
1677 661 1717 691 a.
1765 647 1875 692 1526
1917 660 1999 703 per

445 716 634 761 heredes
666 717 859 772 Philippi
889 717 1051 760 Juntae
1085 716 1252 771 publici
1285 715 1393 759 iuris
1425 715 1542 759 facta
1572 717 1654 760 est.

556 786 793 838 Quaeritur
838 798 950 841 quae
994 785 1114 828 inter
1153 786 1235 828 has
1282 785 1451 828 classes
1498 784 1788 840 singulosque
1818 784 1998 831 codices

445 855 556 898 ratio
588 855 855 906 intercedat;
886 868 1022 910 quam
1054 853 1367 910 quaestionem
1398 854 1522 898 omni
1554 867 1608 897 ex
1638 857 1766 909 parte
1796 853 1998 905 nondum

442 938 627 979 possum
642 923 891 967 absolvere.
951 923 1092 966 Unius
1115 923 1236 967 enim
1257 923 1427 967 codicis
1447 924 1487 967 A
1516 926 1726 966 aoeurata
1757 921 1997 967 collatione

445 994 506 1036 uti
528 993 637 1036 mibi
660 993 776 1045 licet,
808 993 971 1048 quippe
993 993 1117 1036 cuius
1149 992 1317 1036 codicis
1339 992 1556 1036 lectiones
1585 993 1641 1035 ab
1664 993 1762 1047 ipso
1783 1003 1997 1036 excussas

445 1062 779 1106 Studemundus
796 1061 1120 1117 benignissime
1137 1075 1311 1105 mecum
1329 1061 1737 1105 communicaverit.
1787 1060 1997 1105 Ceterum

443 1132 482 1174 si
519 1131 762 1176 recesseris
801 1132 857 1175 ab
897 1131 1095 1174 editione
1134 1131 1437 1183 Turnebiana,
1469 1145 1601 1187 quam
1634 1130 1846 1175 Berolino
1875 1129 1995 1174 hanc

445 1202 489 1244 in
526 1202 684 1245 urbem
722 1201 906 1244 missam
947 1200 1138 1256 inspexi,
1172 1201 1217 1243 in
1257 1200 1398 1256 ipsius
1438 1200 1674 1244 enchiridii
1711 1199 1862 1244 verbis
1893 1197 1993 1243 solo

441 1270 682 1314 Gaisfordii
737 1272 954 1326 apparatu
1009 1270 1141 1313 nitor.
1214 1270 1279 1312 Ac
1318 1269 1511 1324 primum
1551 1269 1732 1325 quidem
1771 1281 1854 1324 pro
1895 1267 1997 1312 fun-

440 1339 651 1382 damento
691 1338 969 1382 recensionis
1010 1337 1202 1393 sumpsit
1238 1338 1518 1381 Gaisfordius
1551 1339 1742 1382 classem
1772 1338 1822 1391 Y,
1861 1349 1996 1394 quam

442 1408 641 1451 omnium
659 1421 759 1450 esse
781 1407 1068 1450 deterrimam
1090 1409 1134 1449 et
1155 1406 1462 1462 Westphalius
1491 1410 1534 1449 et
1554 1406 1997 1451 Hoerschelmannus

436 1480 763 1532 perspexerunt
793 1478 837 1519 et
867 1490 922 1519 ex
953 1476 1017 1519 eis
1048 1489 1161 1532 quae
1193 1476 1310 1519 infra
1338 1475 1553 1519 allaturus
1585 1490 1683 1519 sum
1714 1474 1852 1520 etiam
1880 1474 1996 1520 dilu-

438 1546 579 1589 cidius
619 1546 863 1602 apparebit.
924 1546 1041 1588 Tum
1073 1545 1350 1598 collationes,
1382 1558 1495 1600 quae
1527 1545 1590 1588 illi
1627 1547 1809 1600 praesto
1848 1546 1991 1597 erant,

441 1629 531 1659 non
563 1615 703 1659 fuisse
748 1629 801 1658 ea
832 1627 920 1670 qua
949 1628 1062 1670 opus
1094 1617 1162 1657 est
1198 1613 1429 1669 diligentia
1467 1614 1716 1670 descriptas
1762 1616 1807 1657 et
1850 1612 1995 1670 quivis

437 1684 565 1727 facile
589 1683 805 1738 intellegit
831 1686 875 1726 et
903 1697 957 1726 ex
987 1686 1114 1738 parte
1143 1683 1588 1726 Hoerschelmannus
1619 1682 1731 1738 ipsis
1763 1682 1994 1730 codicibus

438 1754 651 1809 inspectis
695 1752 944 1796 affirmavit.
1004 1752 1156 1808 Neque
1202 1766 1310 1796 usus
1359 1755 1428 1796 est
1467 1752 1747 1795 Gaisfordius
1785 1751 1840 1795 iis
1871 1751 1995 1795 codi'-

438 1823 563 1865 cibus
594 1822 665 1865 via
695 1834 747 1865 ac
778 1822 952 1865 ratione
973 1835 1054 1877 per
1075 1824 1217 1864 totum
1240 1821 1550 1873 enchiridium,
1583 1822 1662 1864 sed
1683 1821 1853 1876 passim
1874 1821 1993 1864 hunc

438 1891 560 1933 illurn
592 1891 653 1933 ita
682 1890 926 1945 usurpavit,
956 1892 1006 1933 ut
1036 1890 1188 1934 multis
1219 1891 1330 1933 locis
1362 1890 1418 1933 de
1448 1890 1768 1933 nonnullorum
1789 1889 1993 1933 codicum

438 1960 654 2002 memoria
683 1973 869 2014 prorsus
901 1959 1061 2002 incerti
1093 1959 1457 2015 derelinquamur
1488 1959 1689 2014 nihilque
1717 1971 1915 2014 unquam
1934 1958 1992 2002 de

434 2029 582 2084 aliquo
629 2028 782 2071 codice
828 2028 932 2071 inde
972 2028 1181 2082 colligere
1220 2029 1366 2080 liceat,
1407 2029 1527 2084 quod
1559 2028 1841 2072 Gaisfordius
1871 2028 1990 2072 illius

435 2098 783 2152 discrepantiam
829 2097 998 2140 nullam
1044 2097 1289 2140 adnotavit.
1362 2098 1483 2140 Haec
1530 2111 1630 2141 cum
1676 2098 1734 2141 sit
1779 2097 1991 2141 editionis

433 2167 772 2209 Gaisfordianae
804 2165 1010 2208 condicio
1043 2179 1232 2221 cumque
1269 2179 1374 2221 spes
1406 2166 1464 2209 sit
1503 2166 1598 2209 fore
1636 2168 1684 2208 ut
1714 2166 1985 2210 Hoerschel-

438 2249 630 2279 mannus
669 2235 932 2290 propediem
971 2239 1177 2278 accurate
1215 2238 1260 2278 et
1296 2235 1429 2290 plene
1469 2248 1553 2278 nos
1584 2235 1639 2277 de
1670 2235 1880 2279 omnibus
1911 2247 1991 2278 en-

435 2305 611 2347 chiridii
653 2304 883 2347 codicibus
924 2304 1122 2356 edoceat,
1163 2318 1217 2347 ea
1255 2307 1430 2347 tantum
1461 2304 1516 2346 de
1547 2303 1778 2348 codicibus
1810 2316 1989 2357 monet),

434 2388 546 2428 quae
592 2374 847 2417 necessaria
886 2376 991 2416 sunt
1036 2374 1093 2416 ad
1132 2373 1231 2416 illas
1271 2374 1470 2417 rationes
1511 2373 1833 2426 defendendas,
1877 2371 2010 2428 quas'

432 2443 548 2486 infra
579 2443 625 2486 in
657 2442 994 2486 commentariis
1027 2442 1213 2486 edendis
1247 2446 1426 2486 secutus
1459 2456 1570 2486 sum.

546 2512 737 2555 Codices
775 2513 833 2555 ad
869 2525 1009 2555 unum
1048 2525 1206 2566 omnes
1237 2512 1457 2566 originem
1488 2513 1711 2555 duxerunt
1746 2525 1800 2555 ex
1830 2511 1988 2555 arche-

433 2584 535 2636 typo
559 2582 752 2636 quodam
773 2581 909 2624 hodie
940 2581 1188 2636 deperdito,
1221 2582 1295 2637 qui
1318 2582 1414 2636 ipse
1436 2595 1527 2624 non
1550 2582 1693 2625 solum
1723 2581 1814 2624 iam
1835 2580 1986 2626 multis

433 2651 543 2692 locis
575 2651 710 2693 verba
741 2650 1005 2705 gravissime
1037 2653 1247 2705 corrupta
1267 2651 1525 2705 praebebat,
1555 2663 1708 2693 verum
1740 2651 1783 2692 et
1812 2649 1986 2693 lacunis

433 2720 665 2762 laborabat
697 2723 740 2761 et
771 2719 1119 2774 Byzantinorum
1150 2719 1470 2763 additamentis
1502 2720 1761 2775 inquinatus
1793 2721 1901 2770 erat,
1940 2717 1985 2760 id

433 2789 550 2842 quod
590 2787 982 2842 grammaticorum
1020 2788 1089 2830 vel
1128 2788 1417 2831 metricorum
1456 2789 1581 2841 libri,
1620 2788 1725 2830 dum
1765 2786 1984 2843 frequenti
2019 2840 2023 2851 ,

431 2871 514 2898 usu
562 2858 605 2899 in
653 2858 820 2899 scholis
867 2857 1093 2899 inferioris
1142 2858 1303 2901 aetatis
1348 2860 1619 2909 tractantur,
1673 2859 1846 2899 tantum
1890 2869 1984 2899 non

430 2938 587 2967 omnes
619 2925 741 2979 passi
775 2928 891 2967 sunt.
953 2926 1081 2967 Velut
1112 2926 1272 2968 lacuna
1303 2926 1398 2969 hiat
1436 2930 1480 2969 et
1514 2940 1613 2981 pag.
1644 2927 1678 2968 V
1713 2926 1763 2968 17
1803 2925 1859 2968 de
1896 2938 1983 2980 quo

430 2995 527 3035 loco
569 2995 681 3036 infra
723 2994 923 3047 pluribus
963 2994 1276 3048 disputabitur,
1317 2999 1361 3038 et
1389 3010 1431 3050 p.
1464 2997 1532 3048 20,
1570 2997 1595 3038 2
1626 2995 1674 3038 G.
1707 2995 1793 3049 (11,
1821 2994 1851 3036 2
1881 2994 1983 3048 W.),
