2196 3438
942 319 1024 362 109

192 457 877 526 ssiQsetugitfflensius
914 457 971 501 de
1010 457 1101 500 Iub.
1138 470 1181 512 p.
1211 457 1280 500 49.
1316 457 1400 501 208
1435 471 1533 514 sqq.
1594 458 1754 502 Verum

167 527 555 596 *ffllstphthonio
599 530 833 584 praeterea
874 526 1012 570 alium
1056 530 1286 570 auctorem
1323 526 1596 582 exscriptum
1641 541 1755 579 esse,

435 598 525 642 illis
557 600 701 642 metra
729 596 788 640 ad
816 609 995 640 versum
1029 596 1217 639 heroum
1255 596 1594 651 trimetrumque
1629 610 1756 642 revo-

199 666 512 717 fflflmdis
542 680 571 710 a
598 665 830 710 Victorino
858 678 902 720 p.
941 665 1044 715 101,
1080 665 1107 707 6
1139 678 1235 720 sqq.
1280 665 1486 708 excitatis
1529 679 1638 709 usus
1684 667 1756 718 sit,

195 741 350 796 ner
369 748 455 781 nos
485 736 638 780 docuit
667 733 921 779 Schultzius
952 734 980 776 l.
1014 746 1051 776 c.
1110 733 1284 777 Nomen
1315 734 1377 777 illi
1407 734 1547 777 fuisse
1576 735 1756 778 Thaco-

193 803 345 852 *fo
371 818 430 851 ex
455 818 502 861 p.
536 805 629 857 140,
659 804 687 847 3
726 802 1085 846 concludendum
1124 816 1225 846 esse
1262 803 1459 846 censuit:
1497 817 1610 858 quae
1647 817 1756 847 con-

194 871 371 923 m
386 873 564 917 etiamsi
585 871 855 916 dubitationi
875 870 1073 914 obnoxia
1093 871 1165 922 sit,
1187 883 1271 913 nos
1292 884 1468 926 quoque
1490 873 1755 927 scriptorem

194 936 705 989 fflss'rhacoenestum
733 940 1073 996 appellabimus.
1132 939 1246 982 Huic
1266 943 1410 982 totum
1442 940 1550 983 illud
1579 941 1636 984 de
1666 955 1754 997 quo

194 1010 505 1070 ffiaenput
530 1024 575 1066 p.
605 1011 675 1062 56,
709 1010 889 1061 15-60,
926 1010 982 1052 25
1011 1009 1329 1052 vindicandum
1368 1022 1470 1052 esse
1501 1010 1754 1054 Schultzius

194 1080 656 1136 muadngulorum
685 1079 882 1134 capitum
917 1079 963 1121 in
1000 1079 1148 1133 primo
1185 1078 1401 1121 Victorini
1439 1079 1555 1122 libro
1594 1079 1754 1123 ordine

193 1149 509 1207 *ὶμῆνα
536 1149 583 1204 (l.
614 1161 652 1191 c.
681 1161 726 1204 p.
755 1149 825 1192 40.
856 1149 943 1199 50).
1002 1148 1276 1191 Permixtam
1306 1147 1426 1190 enim
1457 1161 1558 1191 esse
1588 1149 1635 1191 in
1665 1149 1753 1192 hoc

194 1217 488 1264 Duanhhoe
531 1218 786 1261 doctrinam
828 1220 962 1272 atque
1001 1216 1291 1260 Thacomesti
1329 1219 1373 1259 et
1411 1217 1474 1259 illi
1513 1217 1754 1261 tribuenda

95 1335 104 1350 ⁴
193 1298 299 1335 cm
325 1287 474 1344 cupita
502 1287 559 1330 de
588 1287 812 1342 rhythmo,
842 1286 899 1330 de
927 1285 1118 1341 pedibus
1148 1299 1191 1340 p.
1211 1285 1281 1336 43,
1302 1286 1456 1328 9-24,
1487 1286 1558 1338 44,
1581 1287 1636 1329 10
1655 1301 1753 1342 sqq.

190 1356 321 1411 ΜΛ
349 1368 463 1413 sqq„
492 1356 550 1399 de
578 1355 734 1399 metris
763 1369 808 1411 p.
838 1355 907 1407 51,
942 1355 1122 1405 19—53,
1152 1355 1221 1405 25,
1260 1354 1315 1396 de
1352 1355 1462 1397 colis
1493 1357 1752 1407 metrorum,

193 1425 527 1471 “anchorum
555 1425 643 1468 fine
673 1438 753 1468 seu
783 1424 1004 1475 clausula,
1043 1424 1098 1466 de
1137 1424 1359 1478 epiploce,
1399 1423 1501 1466 huic
1537 1424 1593 1467 de
1624 1425 1754 1479 sylla-

192 1492 368 1548 mx&
394 1494 487 1539 arsi
517 1497 563 1537 et
590 1494 722 1547 thesi,
750 1494 806 1537 de
827 1493 1018 1549 pedibus
1038 1507 1082 1548 p.
1102 1493 1172 1543 43,
1193 1493 1377 1544 25-44,
1398 1493 1424 1534 9
1446 1496 1490 1535 et
1508 1493 1578 1545 46,
1598 1494 1754 1546 6-33,

94 1558 104 1567 ⁴
194 1563 439 1610 &metris
465 1577 510 1619 p.
530 1564 601 1615 50,
624 1564 807 1615 10-51‚
830 1563 896 1614 18,
926 1562 983 1606 de
1011 1575 1157 1612 versu,
1189 1562 1244 1604 de
1264 1562 1453 1616 poetica,
1478 1562 1533 1604 de
1555 1563 1752 1617 strophe.

193 1631 395 1679 monim
413 1635 512 1676 arte
531 1633 652 1676 inter
671 1645 721 1675 se
741 1632 985 1675 cohaerere
1005 1631 1337 1674 enarrationem
1358 1644 1400 1685 p.
1416 1631 1486 1682 53,
1509 1631 1692 1683 26—55,
1712 1633 1753 1683 9,

193 1712 285 1763 qm
309 1702 368 1746 de
397 1703 512 1755 colo,
542 1706 779 1753 commate,
810 1702 972 1754 sticho,
1001 1701 1189 1757 periodo
1229 1701 1394 1755 agitur,
1433 1704 1477 1743 et
1511 1714 1611 1744 eam
1640 1715 1754 1756 quae

193 1764 444 1816 mum
473 1771 714 1827 generibus
743 1771 912 1814 tributa
942 1774 1011 1815 est
1034 1771 1321 1825 cognoscitur
1342 1770 1503 1812 collato
1526 1783 1754 1814 commen-

193 1839 321 1885 Urio
342 1840 589 1896 Hephaest.
631 1840 671 1883 11
707 1854 750 1895 p.
790 1841 863 1884 VII
894 1841 918 1883 7
951 1854 1048 1895 sqq.
1117 1840 1233 1894 Ergo
1278 1839 1495 1882 Victorini
1540 1839 1652 1882 ordo
1696 1840 1753 1882 ab

191 1906 541 1966 mainonis
572 1910 838 1961 enchiridio,
870 1910 995 1952 cuius
1024 1909 1170 1964 primo
1202 1909 1347 1963 capite
1376 1909 1521 1962 agitur
1542 1908 1598 1950 de
1619 1909 1752 1963 sylla-

192 1976 459 2032 bbfdtero
502 1979 559 2022 de
597 1980 941 2036 synecphonesi,
984 1979 1118 2022 tertio
1158 1979 1214 2021 de
1250 1978 1453 2032 pedibus,
1499 1980 1658 2032 quarto
1697 1978 1753 2020 de

193 2050 440 2093 metrorum
469 2049 680 2101 clausula,
711 2062 764 2092 eo
794 2049 1081 2104 potissimum
1111 2048 1261 2098 distat,
1292 2047 1411 2102 quod
1433 2046 1566 2101 capiti
1590 2046 1646 2089 de
1665 2046 1752 2089 fine

192 2119 438 2162 nostorum
465 2118 617 2162 brevis
647 2118 703 2162 de
733 2118 890 2162 metris
920 2130 1163 2172 eorumque
1193 2116 1395 2171 partibus
1426 2115 1752 2169 coniugationi-

194 2186 370 2244 ΜΘ
397 2186 643 2243 disputatio
671 2187 925 2243 praemissa
954 2190 1035 2229 est.
1102 2186 1233 2237 Quod
1271 2188 1420 2228 utrum
1449 2198 1476 2227 a
1504 2184 1649 2235 Iuba¹)
1693 2198 1752 2227 an

195 2268 225 2300 a
252 2254 557 2300 Thncomeato
596 2256 761 2300 factum
802 2257 881 2307 sit,
927 2256 1014 2298 nisi
1051 2255 1139 2298 alia
1175 2257 1437 2308 argumenta
1465 2253 1752 2305 accesserint,

194 2323 392 2369 &nomi
421 2337 516 2369 non
543 2326 722 2381 poterit.
782 2326 934 2380 ltaque
970 2338 1070 2367 cum
1110 2337 1202 2366 non
1240 2324 1299 2366 sit
1334 2336 1422 2377 quo
1461 2323 1567 2366 Iuba
1603 2323 1752 2366 exclu-

194 2391 340 2446 datur,
367 2393 544 2450 singula
571 2406 932 2450 percenseamus.

276 2462 374 2507 »ΔΩ
400 2462 592 2519 primam
624 2463 803 2519 quidem
839 2462 1169 2518 paragraphum
1204 2474 1247 2515 p.
1279 2461 1348 2511 56,
1382 2460 1581 2512 15—21,
1619 2473 1751 2515 quam

194 2542 278 2576 no
321 2531 419 2576 iure
462 2531 580 2576 inter
617 2532 868 2586 fragmenta
906 2531 1184 2574 Varroniana
1224 2530 1390 2584 recepit
1428 2529 1752 2572 Wilmannsius

194 2599 226 2644 1.
251 2612 292 2644 c.
319 2613 364 2656 p.
384 2601 472 2644 wo
490 2614 558 2657 sq.
587 2601 661 2653 (cf.
682 2601 787 2644 ibid.
813 2614 856 2655 p.
876 2601 963 2654 68),
991 2612 1071 2654 per
1091 2599 1439 2642 Thacomestum
1468 2597 1526 2640 ad
1548 2598 1753 2652 Aphtho-

194 2668 322 2713 nimn
349 2670 610 2725 pervenisse
640 2683 773 2713 nemo
805 2669 996 2723 negabit.
1058 2668 1105 2710 ln
1137 2667 1282 2722 capite
1317 2666 1591 2726 insequenti
1608 2680 1650 2721 p.
1681 2667 1751 2719 56,

193 2737 378 2792 22-58,
405 2739 437 2782 4
463 2739 751 2795 Aphthonius
783 2738 977 2793 primum
1014 2740 1107 2779 tres
1145 2736 1392 2779 carminum
1432 2735 1606 2790 species
1643 2748 1752 2778 enu-

194 2809 352 2860 merat,
380 2821 567 2864 quarum
598 2808 743 2863 prima
774 2806 961 2850 efficitur
991 2805 1264 2848 carminibus
1295 2803 1406 2846 κατὰ
1426 2803 1580 2860 στίχον,
1611 2804 1751 2847 altera

195 2876 508 2933 systematicis,
539 2877 671 2921 tertia
701 2875 867 2926 mixtis·‚
898 2878 991 2918 tum
1022 2873 1179 2917 eadem
1209 2873 1348 2917 ferme
1379 2886 1478 2916 esse
1509 2869 1751 2930 ἀμετάβολα

313 3025 341 3071 ¹)
366 3027 410 3062 er.
436 3026 515 3063 iub.
541 3027 637 3072 apud
667 3024 755 3060 vict.
783 3036 815 3070 p.
841 3025 896 3063 ῡο,
922 3026 954 3059 6.
979 3024 1036 3064 52,
1065 3023 1210 3059 15-18.
1234 3023 1291 3063 53.
1319 3022 1463 3058 13-17.
