2196 3438
0 3169 24 3182 -
46 3142 270 3195 νειμ-,κ

19 3222 170 3269 μιν.

304 1091 348 1120 10

305 1440 350 1470 15

350 2513 422 2558 ,10
458 2513 731 2555 ἐπιμηκέστερον
766 2509 817 2553 A,
856 2511 1113 2553 ἐπιεικέστερον
1150 2507 1232 2544 dett.
1268 2508 1457 2544 Hermann
1493 2507 1517 2543 l.
1550 2518 1580 2542 c.
1635 2506 1648 2554 ΙΙ
1707 2507 1753 2542 14
1786 2506 1825 2543 in
1849 2517 1940 2544 voce

1020 322 1241 387 „xxvm

378 461 634 520 παράβασις,
681 459 824 517 ἐπειδὴ
862 459 1114 512 εἰςελθόντες
1150 460 1208 512 εἰς
1237 458 1284 503 τὸ
1316 458 1497 516 θέατρον
1526 460 1601 503 καὶ
1630 458 1935 517 ἀντιπρόσωποι
1958 474 1994 511 1¹·
2022 462 2069 501 7⁴·

377 526 574 588 ἀλλήλοις
618 529 787 582 στάντες
830 529 869 572 οἱ
910 530 1111 585 χορευταὶ
1153 528 1404 587 παρέβαινον
1451 529 1525 572 καὶ
1568 528 1626 581 εἰς
1669 526 1716 572 τὸ
1751 528 1934 587 θέατρον
1994 543 2001 550 ·

376 598 683 658 ἀποβλέποντες
713 597 856 655 ἔλεγόν
886 612 987 641 τινα.

381 667 451 714 Ὤ)
491 668 557 712 Τὰ
587 669 633 712 δὲ
663 669 754 724 εἴδη
786 667 860 724 τῆς
889 665 1169 724 παραβάσεως
1198 666 1283 710 ἐστι
1312 665 1461 709 ταῦτα·

376 737 618 796 κομμάτιον,
663 736 685 780 ὃ
725 739 798 780 καὶ
837 735 954 794 παρὰ
982 742 1066 788 τοῖς
1094 735 1287 788 παλαιοῖς
1315 741 1505 793 ποιηταῖς
1534 731 1787 794 ὠνομάσθη·
1833 722 1936 794 φησὶ

375 807 456 865 γὰρ
488 802 510 849 ὁ
542 805 722 858 Εὔπολις

582 875 733 927 εἰωθὸς
762 890 808 919 το
840 874 1070 933 κομμάτιον
1098 874 1220 919 τοῦτο
1250 874 1425 930 (fragm.
1451 874 1534 918 362
1563 874 1717 931 Kock).
1807 911 1815 918 .

378 944 570 1001 δεύτερον
593 946 640 988 δὲ
666 944 774 996 εἶδός
798 945 906 988 ἐστιν
921 939 991 1001 ἡ(
973 942 1200 1002 ομωνύμως
1218 945 1275 1000 τῷ
1295 942 1404 1001 γένει
1418 942 1659 1002 καλουμένη
1680 942 1935 1003 παράβασις·

378 1016 452 1057 καὶ
497 1014 631 1071 τρίτον
675 1013 721 1056 τὸ
779 1013 940 1070 μακρὸν
990 1010 1424 1070 προσαγορευόμενον,
1471 1010 1494 1054 δ
1537 1012 1611 1055 καί
1653 1027 1789 1070 φαμεν
1837 1014 1939 1057 εἶναι

378 1083 725 1142 ἐπιμηκέστερον
759 1081 808 1126 οὐ
834 1081 915 1141 μὴν
946 1081 1057 1126 ἀλλὰ
1086 1083 1159 1125 καὶ
1189 1082 1257 1125 διὰ
1286 1080 1332 1124 τὸ
1363 1077 1558 1125 ἀπνευστὶ
1577 1081 1780 1139 λέγεσθαι
1800 1081 1938 1135 ἐδόκει

377 1153 479 1196 εἶναι
510 1151 780 1210 μακρότερον.

491 1221 636 1265 Ταῦτα
681 1222 754 1279 μὲν
792 1219 863 1265 οὖν
902 1220 1009 1264 ἐστιν
1048 1215 1359 1278 ἀπολελυμένα·
1398 1220 1521 1277 ἔτερα
1558 1219 1605 1263 δέ
1634 1220 1719 1264 ἐστι
1746 1219 1800 1264 τὰ
1826 1212 1940 1264 ’κατὰ
1961 1219 2010 1268 (1²-
2037 1219 2117 1266 136)

377 1291 519 1349 σχέσιν
558 1289 842 1348 γεγραμμένα,
882 1288 930 1332 τό
969 1304 1014 1332 τε
1056 1289 1180 1347 μέλος
1218 1291 1291 1332 καὶ
1320 1287 1367 1332 τὸ
1398 1289 1619 1347 ἐπίρρημα,
1655 1286 1758 1347 ὅπερ
1787 1286 1843 1342 ὥς
1871 1288 1940 1334 ἐπὶ

376 1361 422 1404 τὸ
462 1360 653 1404 πλεῖστον
690 1359 922 1403 ἑκκαίδεκα
959 1351 1011 1415 ἤν
1043 1358 1207 1415 στίχων,
1245 1359 1319 1401 καὶ
1356 1357 1402 1401 τὸ
1440 1362 1497 1416 τῷ
1527 1357 1642 1416 μέλει
1671 1356 1939 1416 ἀντίστροφον

378 1431 451 1472 καὶ
495 1429 542 1472 τὸ
581 1428 840 1486 καλούμενον
879 1426 1178 1485 ἀντεπίρρημα,
1223 1422 1326 1484 ὅπερ
1363 1426 1416 1483 ἤν
1454 1427 1534 1471 τῶν
1570 1428 1668 1471 ϊσων
1703 1425 1852 1472 κώλων
1879 1425 1940 1486 τῷ

377 1498 635 1556 ἐπιρρήματι.

963 1577 1002 1620 Π
1012 1591 1032 1620 ε
1044 1579 1091 1634 ρὶ
1121 1591 1183 1634 ση
1193 1576 1362 1634 μείων.

410 1658 463 1712 (¹)
495 1660 562 1704 Τὰ
611 1665 765 1718 σημεῖα
813 1658 866 1702 τὰ
913 1659 1030 1715 παρὰ
1085 1664 1170 1710 τοῖς
1226 1663 1415 1715 ποιηταῖς
1463 1656 1600 1709 ἄλλως
1657 1653 1752 1714 παρ’
1801 1623 1944 1710 ἄλλοις

379 1736 533 1773 κεῖται·
564 1728 675 1786 λέγω
717 1728 776 1784 δέ,
822 1723 948 1771 όποία
989 1728 1095 1771 ἐστὶν
1139 1726 1169 1783 ἥ
1199 1741 1245 1770 τε
1281 1725 1559 1784 παράγραφος
1593 1727 1668 1770 καὶ
1703 1721 1732 1783 ἡ
1771 1727 1945 1783 κορωνὶς
1964 1721 2119 1769 (1)·137)

494 1869 658 1914 Diserep.
689 1868 788 1914 lect]
863 1869 879 1903 1
921 1867 1142 1910 εἰσελθόντες
1166 1866 1211 1908 Α,
1249 1865 1416 1909 ἐλθόντες
1450 1866 1509 1901 vel
1545 1866 1666 1908 potius
1701 1865 1942 1909 παρελθόντος

381 1928 422 1964 G.
447 1928 636 1963 Hermann
661 1927 697 1962 in
724 1937 849 1972 opusc.
874 1925 922 1962 VI
945 1926 968 1962 2
992 1937 1027 1972 p.
1047 1926 1114 1961 159
1138 1937 1194 1971 sq.
1251 1925 1265 1970 ΙΙ
1310 1924 1335 1959 4-
1358 1926 1434 1970 tta-q
1458 1924 1494 1959 A
1522 1923 1595 1966 Tm
1620 1926 1710 1969 μέρη
1733 1922 1816 1960 deu.
1839 1923 1941 1960 Gais-

382 1987 464 2022 ford
512 1986 524 2032 ΙΙ
570 1987 593 2021 5
618 1987 703 2031 <καί
722 1985 861 2030 πρῶτον
874 1985 1014 2030 μὲντό)
1031 1983 1229 2029 κομμάτιον
1239 1983 1364 2019 Hense
1383 1983 1408 2019 l.
1421 1994 1451 2018 c.
1464 1994 1499 2029 p.
1515 1983 1581 2019 163
1626 1981 1640 2029 ΙΙ
1685 1982 1708 2018 8
1732 1985 1826 2026 εἶδος
1852 1984 1943 2019 ἕστίν

376 2042 660 2085 ATu,on1.dett.
692 2044 703 2089 ΙΙ
737 2042 945 2088 ὁμωνύμως]
960 2040 1146 2087 ὁμώνυμος
1158 2041 1204 2086 A,
1219 2041 1459 2087 cf.p.xvm1
1491 2041 1504 2088 ΙΙ
1531 2038 1944 2089 γένειΑΤιιβλῳᾶεἰιῃ
1998 2019 2070 2127 χ

376 2103 487 2138 9-11
506 2102 557 2137 sic
571 2106 612 2137 ut
625 2102 754 2148 scripsi
770 2102 905 2138 suntin
918 2101 969 2143 A;
988 2103 1110 2136 vertas
1124 2100 1194 2136 sic:
1209 2102 1340 2142 „tertia
1354 2111 1439 2146 pars
1452 2103 1604 2135 vocatur
1617 2098 1765 2145 μακρόν,
1778 2109 1891 2146 quam
1901 2109 1941 2135 re
2046 2088 2056 2093 ’

379 2172 467 2196 vera
491 2161 590 2196 haud
617 2161 786 2205 exiguam
813 2171 896 2195 esse
922 2158 1194 2200 contendimus
1225 2159 1291 2194 sed
1317 2170 1373 2200 eo,
1411 2158 1510 2203 quod
1541 2154 1707 2193 ἀπνευστί
1728 2156 1941 2204 pronuntia-

378 2220 494 2260 batur,
532 2219 642 2254 etiam
680 2218 827 2262 longior
860 2218 939 2253 visa
972 2217 1051 2252 θεῖ’(
1099 2216 1113 2263 ΙΙ
1158 2219 1245 2262 post
1267 2216 1307 2251 τὸ
1334 2216 1472 2260 μακρὸν
1495 2215 1649 2251 inseruit
1671 2214 1712 2250 τὸ
1735 2217 1800 2250 καί
1820 2219 1942 2261 πνῖγος

378 2279 417 2313 G.
443 2278 631 2312 Hermann
658 2277 693 2311 in
719 2276 843 2312 annal.
869 2275 998 2321 philol.
1023 2275 1072 2311 XI
1105 2274 1220 2321 (1829,
1245 2274 1281 2320 3)
1317 2285 1351 2319 p.
1377 2274 1442 2309 301
1491 2273 1505 2319 ΙΙ
1550 2274 1667 2309 9-10
1694 2272 1715 2308 ὅ
1738 2276 1804 2309 καί
1826 2283 1942 2319 φαμεν

377 2340 464 2370 εἶναι
489 2333 779 2380 ἐπιμηκέστερον]
814 2333 835 2368 ὅ
869 2333 910 2368 ἀν
941 2338 1071 2378 φαῖμεν
1095 2335 1371 2378 ἐπιμηκέστερον
1401 2331 1549 2367 Kolster
1578 2331 1638 2377 (de
1662 2330 1836 2377 parabasi
1862 2358 1870 2367 .
1896 2358 1905 2368 .
1934 2334 1937 2336 ’

379 2395 671 2435 Altonae‚1829.
705 2405 739 2439 p.
756 2393 825 2439 27),
863 2392 882 2427 ὃ
920 2394 981 2437 μὲν
1018 2388 1085 2426 οὐκ
1115 2394 1202 2426 εἶναι
1233 2390 1508 2436 ἑπιμηκὲστερόν
1540 2401 1664 2434 φαμεν,
1696 2386 1793 2425 ἀλλὰ
1817 2389 1876 2426 διὰ
1897 2379 1939 2426 τὸ

375 2450 538 2488 απνευστί
561 2454 637 2487 κτλ.
675 2452 830 2487 Koester
865 2451 925 2495 (de
958 2461 1076 2495 graec.
1109 2461 1202 2486 com.
1235 2449 1418 2496 pat-abasi.
1451 2449 1612 2484 Sundiae
1639 2448 1739 2484 1835.
1763 2458 1798 2495 p:
1826 2447 1882 2494 10)
1926 2454 1942 2502 Ι

376 2572 574 2604 ἑκκαίδεκα
599 2568 666 2604 litt.
686 2571 728 2602 ἐκ
754 2569 879 2602 charta
904 2567 1050 2603 novicia
1075 2566 1258 2602 obductae
1284 2569 1369 2602 sunt
1393 2566 1431 2601 in
1447 2565 1483 2601 A
1528 2564 1541 2611 ss
1587 2565 1626 2600 in
1650 2575 1741 2601 voce
1764 2566 1814 2610 τῷ·
1837 2564 1941 2601 litut

378 2629 505 2662 charta
538 2627 681 2662 novicia
712 2627 873 2662 obducta
905 2629 962 2661 est
991 2626 1030 2661 in
1053 2625 1088 2660 A
1157 2624 1171 2671 ΙΙ
1244 2626 1288 2661 15
1318 2625 1359 2659 τὸ
1397 2624 1525 2660 charta
1559 2622 1706 2659 novicia
1740 2621 1941 2659 obductum

377 2689 432 2720 est
463 2685 499 2720 in
524 2685 559 2720 A
603 2683 615 2728 ΙΙ
665 2685 702 2719 in
738 2694 829 2718 voce
864 2683 952 2727 ὅπερ
991 2683 1058 2719 litt.
1080 2682 1100 2718 ὅ
1138 2683 1268 2718 charta
1303 2681 1450 2729 novicia
1486 2681 1646 2716 obducta
1682 2684 1740 2716 est
1773 2681 1811 2718 in
1845 2679 1883 2716 A
1925 2680 1940 2727 Ι

380 2743 513 2778 15—16
545 2754 600 2777 vv.
627 2742 714 2786 ὅπερ
741 2762 785 2767 -
810 2742 1021 2787 ἐπιρρήματι
1052 2744 1091 2776 ut
1122 2741 1347 2787 interpolata
1371 2740 1522 2776 seclusit
1545 2739 1669 2775 Hense
1694 2739 1719 2775 1.
1744 2750 1776 2775 c.
1800 2750 1835 2785 p.
1861 2739 1938 2781 163,

378 2802 442 2835 sed
469 2802 514 2835 cf.
540 2800 634 2835 Poll.
659 2801 705 2835 IV
733 2800 809 2840 112.
845 2800 954 2845 proll.
992 2800 1038 2835 ad
1071 2799 1188 2834 schol.
1221 2799 1259 2834 in
1290 2798 1476 2844 Aristoph.
1508 2798 1578 2842 (ed.
1609 2796 1795 2843 Duebner)
1818 2807 1854 2833 n.
1874 2797 1939 2833 vll

377 2871 408 2894 v.
436 2860 466 2898 7,
498 2859 613 2903 Etym.
638 2859 682 2893 M.
707 2870 741 2904 p.
766 2859 846 2902 363,
870 2858 916 2893 46
941 2869 969 2893 s,
995 2869 1027 2893 v.
1054 2858 1288 2903 ἐπιρρήματα.

493 2963 733 3009 Testimonia]
785 2964 828 2998 18
864 2963 910 2998 Is.
936 2963 1058 2999 Tzetz.
1084 2975 1119 3009 p.
1146 2964 1201 3004 72,
1229 2963 1273 2998 14
1303 2973 1386 3008 sqq.
1407 2989 1415 2996 .
1431 2985 1462 2997 ..
1489 2959 1714 3002 εἰπόντες...
1738 2962 1819 3004 περί
1841 2970 1940 2996 *mm
1993 2988 2006 2993 -

379 3024 529 3066 σημείων
555 3022 561 3067 Ι
589 3048 598 3065 ,
634 3024 685 3064 οῑς
720 3023 875 3066 χρῶνται
911 3021 1012 3065 μόνοι
1041 3023 1183 3066 λυρικοί
1213 3021 1364 3066 ᾅσμασιν
1393 3021 1431 3055 ἐν
1455 3021 1570 3060 ἰδίοις·
1598 3017 1605 3063 1
1632 3042 1640 3051 .
1667 3042 1676 3050 .
1702 3042 1710 3051 .
1737 3041 1746 3052 .
1780 3020 1940 3064 Σημων

393 3125 728 3205 “apesqufos
779 3168 843 3179 ...-

394 3225 617 3291 κορωνῖς
699 3243 738 3283 1
776 3244 823 3286 Ἴ

393 3336 557 3397 ςιπλῆ
611 3324 715 3396 ἔξω
755 3353 866 3384 νῶϊ·
896 3345 947 3388 <
973 3393 983 3407 Ι
1015 3329 1119 3387 ἕω
1156 3339 1199 3391 >

401 3419 422 3438 2
