2196 3438
1139 383 1164 388 ,
1195 322 1375 387 ,ὅςε-

470 466 682 520 strophas
724 464 857 507 nullis
899 463 1018 506 notis
1057 461 1320 505 distinxisse
1358 463 1566 515 putemus
1604 471 1792 507 necesse
1829 462 1913 506 est.
1941 459 2029 505 'At

478 535 626 577 nullus
666 532 835 582 dubito,
875 532 995 587 quin,
1035 543 1135 574 cum
1172 530 1367 586 primum
1413 532 1545 572 notas
1574 529 1785 574 metricas
1821 529 1870 578 in
1897 541 2029 575 usum

476 604 751 658 receperunt,
789 603 894 643 ante
925 599 1078 643 omnia
1107 599 1395 654 stropharum
1427 597 1769 653 responsionem
1807 597 1928 645 notis
1958 609 2029 645 re-

471 669 870 726 praesentaverint.
938 669 1030 711 lam
1065 667 1414 723 Aristophanem
1455 666 1716 722 Byzantium
1752 666 1809 711 de
1838 679 2026 729 respon·

469 740 596 782 sione
634 738 910 794 quaesivisse
947 737 1234 792 cognoscitur
1272 750 1327 780 ex
1366 736 1506 779 schol.
1546 735 1675 779 Pind.
1714 735 1783 779 01.
1813 734 1849 780 11
1876 735 1936 780 48
1961 749 2026 792 φι-

467 808 598 851 λέοντι
642 808 689 850 δὲ
732 807 909 850 Μοῦσαι·
950 840 960 851 .
991 839 1002 850 .
1035 839 1044 849 .
1082 803 1127 849 τὸ
1165 804 1304 849 κῶλον
1347 804 1468 848 τοῦτο
1524 803 1674 847 ἀθετεῖ
1711 802 2025 863 Ἀριποφάνης·

467 875 712 933 περιττεύειν
740 874 822 932 γὰρ
853 870 955 918 αυτό
991 889 1094 931 φησι
1131 873 1234 931 πρὸς
1262 868 1608 930 ἄντιστρόφουςῑ),
1639 876 1773 929 atque
1801 873 1940 919 etiam
1968 885 2024 918 ex

468 948 547 998 cis,
578 959 690 1002 quae
720 944 996 1000 Hephaestio
1027 944 1083 987 de
1113 943 1386 987 carminibus
1417 942 1565 998 lyricis
1597 942 1741 994 docet,
1781 942 1870 986 hoc
1905 944 2026 987 certe

471 1014 766 1058 concluserim
799 1014 998 1068 singulas
1030 1013 1242 1068 strophas
1280 1012 1327 1055 in
1363 1012 1772 1056 Alexandrinorum
1817 1010 2027 1058 editioni·

469 1086 553 1128 bus
597 1084 832 1126 distinctas
864 1083 1003 1126 fuisse
1033 1082 1155 1126 notis
1186 1082 1474 1137 quibusdam;
1505 1081 1560 1125 cs.
1592 1080 1727 1124 etiam
1757 1094 1800 1136 p.
1829 1079 1871 1125 X
1902 1081 2025 1124 1-2,

465 1154 592 1197 Adde
638 1153 757 1208 quod
803 1152 849 1195 in
887 1152 1008 1195 notis
1045 1150 1286 1195 Probianis
1324 1150 1395 1193 GL
1426 1150 1499 1193 VII
1534 1163 1577 1205 p.
1608 1150 1712 1201 536,
1756 1149 1784 1192 5
1821 1161 2025 1193 aversam

466 1222 774 1266 obelismenen
814 1220 923 1276 poni
961 1218 1295 1275 praescribitur,
1326 1218 1534 1274 quotiens
1569 1218 1783 1273 strophae
1812 1217 2026 1262 antistro-

465 1292 580 1346 phos
612 1290 842 1340 inferatur,
874 1288 1096 1332 concedes
1127 1287 1419 1331 Heliodorum
1450 1286 1497 1330 in
1528 1286 1794 1330 colometria
1820 1286 1879 1330 ad
1908 1289 2027 1331 stro-

464 1362 655 1416 pharum
693 1358 1013 1414 responsiones
1055 1356 1319 1400 indicandas
1357 1359 1466 1400 nota
1502 1369 1655 1400 carere
1683 1369 1779 1400 non
1806 1355 2025 1412 potuisse.

468 1431 651 1473 Duobus
682 1429 793 1471 locis
833 1431 954 1471 recte
992 1429 1126 1470 notae
1165 1428 1369 1469 servatae
1415 1428 1519 1468 sunt
1556 1438 1701 1480 neque
1737 1424 1859 1480 quod
1886 1422 2029 1480 aliis’)

467 1499 788 1542 interciderunt
839 1497 1095 1547 mirabitur,
1143 1496 1217 1551 qui
1264 1509 1396 1551 quam
1435 1495 1565 1538 facile
1609 1495 1696 1538 hae
1738 1493 2025 1550 potissimum

469 1572 602 1611 notae
634 1568 817 1611 interire
847 1566 1076 1622 potuerint
1098 1578 1249 1608 secum
1280 1564 1563 1619 reputaverit.

587 1638 635 1680 In
665 1635 934 1691 paragraphi
956 1634 1088 1689 igitur
1117 1647 1202 1678 usu
1233 1634 1402 1676 nullum
1432 1633 1620 1676 interest
1640 1631 1883 1677 discrimen
1911 1631 2031 1677 inter

470 1706 787 1751 Heliodoream
825 1708 958 1759 atque
995 1704 1405 1758 Hephaestioneam
1462 1702 1705 1745 doctrinas.
1782 1701 2029 1757 Praecepta

477 1775 844 1831 Hephaestionea
873 1773 1132 1817 observanti
1163 1773 1209 1815 in
1241 1772 1382 1827 dyade
1402 1771 1773 1826 monostrophica
1801 1770 1913 1816 Aah.
1941 1770 2028 1814 284

471 1846 606 1887 —301
647 1847 753 1899 post
787 1856 967 1886 versum
1005 1843 1084 1885 291
1127 1841 1435 1896 paragraphus
1474 1843 1519 1883 et
1548 1839 1668 1895 diple
1698 1839 1782 1882 ἔσω
1810 1844 2026 1883 νενευκυῖα

475 1913 801 1957 adscribendae
823 1907 964 1955 erant.
1014 1912 1063 1954 ln
1094 1910 1267 1954 scholio
1288 1909 1558 1953 Heliodoreo
1584 1909 1732 1952 nullae
1752 1911 1886 1954 notae
1907 1921 2031 1953 comf-

467 1985 785 2027 memorantur.
846 1982 941 2024 Etsi
986 1994 1059 2023 res
1105 1983 1228 2023 certo
1273 1981 1533 2034 argumento
1578 1977 1820 2033 disceptari
1858 1977 2025 2034 nequit,

469 2052 702 2108 probabile
732 2054 884 2094 tamen
914 2049 1089 2092 videtur
1118 2048 1411 2092 Heliodorum
1440 2050 1490 2090 ut
1519 2047 1599 2102 Eq.
1620 2046 1704 2090 973
1734 2046 1802 2090 sic
1822 2045 1896 2090 hic
1914 2059 2027 2101 quo-

471 2135 556 2177 que
587 2121 684 2164 sola
713 2119 995 2175 paragrapho
1025 2131 1157 2161 usum
1188 2130 1289 2160 esse
1319 2119 1365 2159 et
1394 2116 1547 2171 diplen
1577 2116 1661 2158 ἔσω
1681 2120 1919 2159 νενευκυῐαν
1937 2114 2026 2159 He—

466 2189 723 2245 phaestioni
769 2188 948 2231 demum
992 2186 1159 2238 deberi,
1205 2186 1250 2229 id
1289 2186 1408 2240 quod
1446 2185 1564 2228 infra
1608 2185 1744 2228 etiam
1789 2183 2026 2228 dilucidius

467 2258 711 2313 apparebit.
721 2257 752 2312 3)

581 2328 680 2370 Non
725 2339 923 2381 pugnare
970 2325 1117 2380 diplae
1162 2323 1240 2376 ἔξω
1285 2322 1521 2373 νενευκυίας
1557 2336 1688 2366 usum
1725 2319 2023 2378 Hephaestio-

471 2410 600 2439 neum
648 2409 749 2438 cum
793 2394 1065 2438 Heliodoreo
1105 2406 1241 2448 supra
1282 2392 1603 2443 demonstravi,
1645 2404 1800 2435 verum
1828 2390 2022 2435 eundem

585 2499 611 2544 ¹)
637 2499 878 2534 Commodum
894 2497 1002 2532 video
1029 2497 1074 2532 de
1101 2497 1232 2532 eodem
1257 2495 1399 2530 scholio
1417 2495 1599 2531 disserere
1614 2489 1975 2530 Wilamowitzium²L
1993 2503 2024 2529 c.

467 2569 500 2602 p.
529 2557 605 2593 142.

581 2615 675 2661 ²)1n
708 2625 858 2650 censum
889 2614 1040 2649 veniunt
1071 2613 1187 2648 schol.
1220 2612 1307 2648 Pac.
1342 2613 1419 2648 775.
1454 2612 1553 2647 1329.
1601 2611 1668 2657 Eq.
1702 2611 1803 2647 1111.
1826 2610 1917 2646 Ach.
1941 2609 2021 2646 204.

466 2674 544 2709 929.
574 2674 672 2709 1214.

586 2732 613 2777 ⁸)
638 2732 885 2766 Personarum
910 2734 1019 2766 notas
1044 2730 1081 2765 in
1098 2730 1266 2765 versibus
1283 2729 1506 2770 ineuntibus,
1531 2731 1639 2763 notas
1661 2726 1832 2763 metricas
1855 2726 1894 2762 in
1910 2725 2022 2762 versi·

469 2789 536 2825 bus
562 2790 778 2825 exeuntibus
810 2789 950 2834 positas
982 2789 1096 2824 fuisse
1128 2799 1279 2824 censere
1311 2787 1485 2828 solemus.
1517 2790 1555 2822 at
1585 2785 1871 2831 Hephaestionis
1901 2784 2024 2821 vorbis

471 2860 503 2893 p.
528 2848 625 2883 XXX
652 2849 694 2883 16
720 2868 762 2873 --
787 2847 900 2882 XXXI
925 2847 947 2882 2
979 2847 1178 2892 significari
1210 2847 1354 2882 videtur
1384 2856 1513 2881 omnes
1544 2848 1652 2880 notas
1684 2843 1820 2889 pariter
1851 2842 1888 2878 in
1912 2842 2026 2884 versi-

470 2906 538 2940 bus
570 2905 779 2940 ineuntibus
812 2904 990 2953 ascriptas
1022 2905 1135 2940 fuisse
1168 2903 1324 2939 similem
1354 2904 1392 2938 in
1423 2903 1573 2938 modum
1605 2905 1715 2947 atque
1740 2900 1963 2946 paragraphi
1985 2900 2027 2938 in

469 2962 566 2998 CIAI
592 2964 670 2998 319.
694 2963 774 3003 322,
799 2962 837 2997 in
861 2961 1055 3008 Hyperidis
1083 2973 1233 3009 papyro
1254 2962 1300 2997 de
1321 2972 1394 3007 quo
1415 2960 1499 2996 vide
1526 2959 1570 2996 H.
1584 2959 1685 3022 Diels
1709 2959 1747 2994 in
1771 2957 2024 3005 Sitzungsbqs

470 3022 504 3056 d.
530 3020 625 3055 Berl.
650 3020 765 3055 Akad.
792 3019 881 3054 1889
906 3031 940 3064 p.
965 3021 1043 3061 663
1069 3020 1172 3056 alias.
