2196 3438
970 324 1047 368 101

216 458 311 509 Ι,
344 459 720 517 gajanum-p.
755 460 821 513 17,
850 462 930 513 20,
965 462 1187 518 integram
1225 466 1270 508 et
1309 464 1559 509 offensione
1599 465 1786 510 liberam

219 535 327 578 {ne
352 541 494 586 snpra
522 530 715 583 ostendi,
746 530 827 575 sed
856 530 987 575 aliter
1022 532 1310 577 iudicandum
1349 535 1420 577 est
1453 533 1510 576 de
1539 534 1784 578 Victorino.

62 587 67 610 ⁷*
137 646 142 652 ,
218 596 398 645 mse
442 598 563 642 enim
612 599 903 656 Aphthonius
952 603 1002 644 ut
1049 601 1224 646 videtur
1268 602 1556 657 explicationi
1605 603 1785 647 aliunde

217 666 390 724 mune
418 667 610 712 inseruit
637 668 917 713 enuntiatum
947 669 1007 724 (p.
1038 670 1108 722 58,
1142 671 1193 714 13
1226 672 1311 726 sq.)
1349 684 1483 723 „nam
1513 672 1685 727 epodos
1715 677 1786 716 est

218 736 358 784 betia
391 749 500 793 pars
536 740 615 782 aut
657 737 872 793 periodos
913 738 1076 794 lyricae
1114 740 1268 792 odes“,
1307 754 1420 796 quae
1449 741 1588 784 verba
1617 744 1662 784 et
1691 741 1785 785 dis-

219 806 519 863 putationem,
549 819 639 862 qua
667 807 801 862 epodi
830 807 1029 851 nominis
1060 809 1185 864 origo
1217 809 1468 854 declaretur
1497 810 1570 862 (cf.
1599 810 1783 854 Fortun.

218 883 270 932 ,a
292 875 365 928 25,
393 876 489 932 28),
534 876 665 920 foede
709 875 970 920 discindunt
1007 881 1052 921 et
1089 882 1209 922 recte
1252 879 1372 934 apud
1409 879 1782 924 Fortunatianum

216 943 548 991 d-idcrantur.
607 945 724 988 Ecce

239 1013 398 1061 {rhos
427 1017 534 1059 sunt
562 1015 893 1059 Fortunatiani:
999 1017 1003 1062 Ι
1215 1017 1327 1060 haec
1357 1017 1595 1060 Victorini:

218 1082 469 1140 „fflphen
497 1083 739 1134 vocabant,
784 1117 795 1128 .
828 1117 838 1127 .
869 1116 880 1128 .
913 1118 923 1127 .
954 1117 964 1127 .
1000 1063 1003 1090 ³
1036 1082 1248 1142 ,,στροφήν
1283 1086 1523 1140 vocabant,
1570 1118 1780 1129 .....

218 1154 347 1207 post,
388 1165 491 1196 cum
526 1153 573 1196 in
614 1156 860 1208 conspectu
894 1153 966 1197 dei
1037 1154 1142 1198 dein
1190 1154 1237 1197 in
1290 1157 1535 1209 conspectu
1593 1155 1779 1200 deorum

215 1219 522 1267 consistentes
581 1221 743 1265 cantici
795 1221 967 1278 reliqua
1037 1223 1156 1266 soliti
1196 1223 1445 1267 consistere
1484 1225 1647 1268 cantici
1677 1225 1781 1268 reli-

213 1290 514 1345 pengebant,
560 1290 752 1345 epodon,
797 1288 874 1333 ὅτι
911 1290 964 1347 τῇ
1036 1305 1123 1347 qua
1170 1293 1577 1348 persequebantur,
1627 1294 1779 1349 appel-

216 1358 382 1416 σφοφῆ
401 1359 474 1402 καὶ
494 1356 749 1416 ἀντιστρόφῳ
766 1359 964 1416 ὲπῇδον.“
1034 1362 1180 1404 lantes
1206 1361 1252 1404 id
1269 1362 1462 1416 epodon.
1483 1375 1588 1405 narn
1610 1360 1779 1417 epodos

1035 1433 1104 1473 est
1141 1430 1273 1474 tertia
1307 1444 1414 1486 pars
1451 1435 1527 1475 aut
1565 1431 1778 1486 periodos

1034 1500 1196 1554 lyricae
1217 1500 1340 1543 odes.
1365 1500 1498 1554 igitur
1529 1500 1648 1556 quod
1674 1504 1779 1556 post

1033 1566 1217 1625 στροφήν
1241 1573 1285 1612 et
1306 1567 1579 1626 ἀντιστροφὴν
1609 1569 1777 1626 ἐπῇδον,

1033 1637 1244 1681 dicebant
1278 1638 1498 1692 epodon.“
1785 1634 1792 1646 '

209 1715 334 1774 Quin
362 1718 499 1762 etiam
528 1721 698 1773 pugnat
727 1718 836 1761 illud
861 1718 1141 1761 enuntiatum
1163 1730 1263 1761 cum
1287 1718 1352 1761 eis
1381 1732 1496 1773 quae
1517 1721 1776 1774 sequuntur.

212 1786 346 1844 Apud
362 1787 734 1831 Fortunatianum
764 1787 978 1843 periodus
1009 1787 1268 1830 nominatur
1296 1790 1392 1831 tota
1423 1789 1637 1843 strophae
1664 1788 1775 1831 anti-

212 1856 428 1914 strophae
473 1857 605 1913 epodi
650 1857 925 1912 coniugatio,
979 1870 1067 1912 qua
1119 1856 1165 1899 in
1215 1857 1399 1899 notione
1444 1857 1628 1900 minime
1674 1870 1774 1900 esse

212 1924 532 1972 'oflehdendum
571 1939 707 1981 supra
751 1926 1077 1968 demonstravi:
1124 1925 1278 1968 eadem
1323 1925 1496 1980 periodi
1542 1926 1610 1969 vis
1655 1926 1773 1981 apud

212 1994 490 2044 Victorinum
521 1994 794 2049 significatur
822 1996 977 2050 aperte
1006 2008 1048 2049 p.
1080 1995 1150 2046 58,
1184 1995 1236 2037 19
1266 1994 1415 2037 verbis
1447 1998 1522 2046 „ut
1552 1995 1698 2038 omnis
1728 1998 1774 2038 et

210 2062 373 2122 συροφή
402 2066 448 2107 et
477 2061 744 2120 ἀντίστροφος
777 2063 882 2121 <et>
919 2061 1079 2120 ἐπῳδός
1115 2063 1304 2106 totidem
1343 2064 1539 2107 habeant
1579 2063 1772 2118 syllabas

211 2132 260 2176 in
291 2132 500 2189 proxima
535 2133 744 2188 periodo,
784 2146 898 2188 quae
943 2133 1159 2176 subicitur
1194 2133 1382 2188 priori“;
1421 2132 1475 2175 cf.
1511 2133 1581 2184 58,
1611 2133 1665 2175 23
1698 2132 1771 2184 „in

209 2201 419 2259 proxima
447 2202 596 2257 epodo
627 2202 854 2246 subiectae
884 2202 1100 2245 triados“.
1159 2202 1209 2244 In
1240 2202 1465 2245 communi
1502 2201 1634 2256 igitur
1663 2201 1772 2244 For·

209 2271 431 2316 tunatlani
461 2274 594 2327 atque
614 2271 830 2315 Victorini
859 2271 984 2315 fonte
1004 2271 1222 2314 vocabulo
1243 2271 1417 2326 periodi
1439 2271 1574 2314 trium
1595 2270 1771 2314 illarum

209 2340 497 2398 stropharum
528 2340 753 2395 copulatio
792 2341 1037 2395 significata
1076 2343 1184 2392 erat,
1220 2344 1323 2395 post
1359 2340 1645 2395 Aphthonius
1677 2340 1770 2383 sive

207 2422 458 2467 anonymus
489 2409 669 2465 quidam
700 2423 798 2454 eam
831 2410 963 2465 epodi
1003 2410 1309 2452 definitionem
1347 2423 1460 2465 quae
1500 2413 1594 2452 erat
1630 2410 1769 2453 usita-

206 2479 384 2524 tissima
412 2478 671 2530 inculcavit3
702 2479 756 2522 cf.
788 2492 826 2522 e.
857 2492 896 2533 g.
929 2478 1041 2521 rhet.
1073 2491 1137 2532 gr.
1167 2478 1203 2520 V
1232 2478 1330 2529 510,
1365 2478 1415 2521 17
1449 2491 1514 2533 sq.

320 2548 555 2592 Diversum
600 2547 647 2591 in
690 2547 873 2591 modum
924 2547 1006 2590 viri
1057 2547 1178 2590 docti
1229 2547 1450 2602 corrigere
1501 2547 1767 2591 studuerunt

156 2651 167 2662 .
205 2630 250 2674 p.
286 2617 356 2670 58,
390 2616 569 2668 17—23,
599 2619 751 2660 tamen
783 2630 838 2660 ex
868 2629 1023 2660 eorum
1054 2615 1346 2668 coniecturis,
1385 2629 1495 2671 quas
1534 2619 1766 2660 enumerat

205 2685 403 2731 Hensius
419 2685 494 2740 (de
517 2685 623 2729 iuba
643 2699 685 2741 p.
707 2686 784 2729 211
806 2685 929 2739 adn.)
945 2684 1117 2728 omisso
1133 2684 1432 2735 ThiemannO,
1454 2685 1528 2741 qui
1550 2685 1596 2728 in
1616 2686 1765 2729 annal.

205 2754 315 2811 phil.
334 2755 421 2798 vol.
445 2755 525 2798 107
546 2755 694 2809 (1873)
720 2768 764 2810 p.
785 2754 870 2798 432
890 2757 1032 2797 totum
1058 2754 1177 2797 hunc
1201 2753 1348 2797 locum
1372 2754 1600 2809 paululum
1621 2758 1764 2799 muta-

204 2827 301 2869 tum
325 2826 431 2880 post
451 2838 493 2879 p.
515 2824 586 2876 59,
606 2824 663 2867 24
682 2823 915 2878 ablegavit,
941 2822 1050 2867 mihi
1076 2822 1255 2878 quidem
1277 2823 1397 2866 nulla
1418 2823 1540 2867 omni
1562 2836 1618 2867 ex
1637 2827 1764 2879 parte

206 2892 437 2937 satisfacit.
506 2893 663 2936 Verbis
711 2892 886 2943 „omnis
931 2895 975 2935 et
1017 2888 1180 2948 στροφῆ
1216 2895 1259 2935 et
1302 2889 1568 2949 ἀντίστροφος
1605 2889 1764 2949 ἐπῳδός

205 2961 394 3007 totidem
422 2962 619 3006 habeant
649 2961 842 3017 syllabas
874 2961 920 3004 in
957 2961 1162 3017 proxima
1199 2961 1414 3017 periodo⁶⁶
1455 2961 1647 3005 dilucide
1685 2962 1762 3005 de—

205 3029 399 3076 claratur
441 3031 514 3087 agi
558 3031 632 3075 hic
676 3030 732 3075 de
777 3030 1072 3085 responsione
1124 3030 1242 3073 inter
1291 3030 1543 3086 complures
1592 3031 1760 3075 triadas
