2196 3438
975 335 1026 378 51

221 470 742 524 illud-Anacreonteum
784 486 828 528 p.
872 472 970 516 XXI
1013 473 1039 514 3
1085 486 1182 527 sqq.
1233 475 1335 515 octo
1379 472 1468 516 illis
1515 472 1719 514 versibus
1755 485 1782 514 a

79 579 86 587 ,
151 571 155 574 -
225 539 474 586 ”honusta
502 538 708 586 excitatis
739 541 897 586 confici
928 541 1234 592 contenderet,
1266 541 1376 584 illud
1395 553 1572 596 quoque
1601 553 1779 583 carmen

61 624 88 658 t
139 616 289 679 ’,Π
322 622 416 655 una
459 611 648 666 stropha
694 612 909 654 constans
956 606 1281 666 μονοστροφωιόν
1326 610 1476 653 vocari
1530 623 1573 664 p.
1620 609 1718 652 XXI
1757 610 1780 652 7

222 678 396 726 mt-
453 680 545 724 Sed
575 693 689 735 quae
716 679 1029 724 Lachmannus
1061 679 1119 722 ad
1139 678 1351 722 iudicium
1380 678 1489 722 illud
1509 678 1566 721 de
1586 679 1782 721 carmine

222 746 540 798 Anacreonteo
578 747 963 804 comprobandum
1000 748 1161 798 attulit,
1204 750 1389 803 propter
1435 747 1620 790 nimiam
1666 747 1782 801 frag-

221 819 481 869 mentorum
523 817 796 873 paucitatem
839 817 913 860 vix
956 830 1225 872 quemquam
1269 816 1327 860 ad
1363 816 1459 859 eius
1508 816 1779 859 sententiam

222 885 501 944 μωροὶ.
547 886 719 930 Contra
737 885 952 940 Bergkius
974 888 1158 941 propter
1180 885 1452 928 sententiam
1473 885 1777 939 imperfectam

224 965 408 1002 carmen
453 955 675 1010 integrum
719 967 821 998 esse
861 955 1058 1009 negavit3
1104 955 1174 998 cui
1218 954 1422 1010 opinioni
1467 954 1602 997 etiam
1641 953 1781 1008 ipsius

224 1023 538 1072 mammarii
567 1024 704 1067 verba
732 1037 775 1079 p.
806 1023 906 1067 XXI
934 1024 1078 1066 6—10
1107 1023 1270 1066 favent.
1328 1022 1427 1066 Non
1466 1022 1602 1064 modo
1632 1022 1780 1065 verbis

205 1085 470 1144 mc
511 1091 618 1135 ἐστιν
663 1090 693 1148 ἡ
735 1091 897 1148 στροφὴ
943 1093 1017 1134 καὶ
1060 1091 1108 1134 τὸ
1153 1089 1270 1148 ᾆσμσί
1307 1091 1392 1134 ἐστι
1436 1087 1777 1147 μονοστροφικόν·

222 1155 401 1208 m.
434 1160 485 1204 δὲ
525 1162 601 1204 καὶ
642 1159 792 1217 ὲυὲρως
836 1161 1087 1216 διαιρεῖσθαι
1117 1194 1127 1204 .
1159 1194 1169 1204 .
1203 1194 1211 1203 .
1249 1159 1278 1216 ἡ
1323 1157 1485 1216 στροφή
1529 1161 1779 1204 accuratius

222 1228 414 1286 m
454 1243 483 1274 a
528 1230 727 1274 carmine
771 1230 1071 1285 distinguitur,
1115 1243 1248 1285 quam
1286 1232 1335 1272 ut
1373 1230 1542 1272 nullum
1581 1229 1780 1272 notionis

221 1293 467 1353 &taimen
505 1299 820 1355 interpositum
859 1313 961 1342 esse
1004 1299 1096 1342 veri
1142 1299 1288 1342 simile
1326 1298 1404 1352 sit,
1443 1298 1524 1341 sed
1568 1299 1781 1353 quemad-

221 1365 407 1414 modum
461 1369 711 1412 carminum
755 1367 867 1411 κατὰ
910 1367 1144 1424 περικοπὴν
1197 1365 1503 1423 ἀνομοιομερῶν
1553 1367 1778 1410 enarratio

220 1449 267 1493 p.
295 1434 396 1482 xlx
423 1438 452 1480 5
482 1461 535 1468 —
565 1437 651 1481 XX
679 1438 706 1480 3
743 1451 844 1481 cum
883 1440 986 1481 octo
1027 1437 1115 1480 illis
1146 1437 1351 1480 versibus
1382 1437 1695 1480 reconcilietur
1725 1461 1778 1467 —

222 1505 496 1561 significatur
541 1506 652 1549 haec
697 1507 966 1562 compositio
1014 1507 1060 1549 in
1112 1505 1382 1561 paragraphi
1426 1506 1548 1548 exitu
1593 1519 1637 1560 p.
1682 1505 1779 1550 XXI

220 1573 365 1620 8-2-10
393 1598 450 1606 —
479 1587 573 1619 non
602 1575 850 1630 dispicitur.
917 1575 1047 1627 Quod
1088 1575 1127 1618 si
1159 1578 1279 1618 recte
1309 1574 1647 1629 disputavimus,
1679 1587 1778 1616 cor-

221 1642 310 1689 mit
345 1643 655 1688 testimonium
693 1657 782 1699 quo
821 1643 921 1699 quis
959 1644 1017 1687 ad
1052 1643 1175 1687 illam
1211 1642 1417 1686 vocabuli
1455 1639 1780 1698 μονοστροφικόν

221 1710 454 1775 notionem
498 1712 828 1755 defendendam
875 1712 1105 1755 innitatur.
1171 1711 1324 1766 Neque
1367 1711 1478 1754 mihi
1525 1711 1776 1766 exemplum

220 1778 417 1824 innotuit
461 1783 641 1836 praeter
688 1781 963 1824 Demetrium
1013 1780 1300 1831 Triclinium‚
1351 1781 1426 1836 qui
1477 1793 1576 1823 cum
1624 1794 1776 1823 veram

219 1849 426 1899 vocabuli
446 1848 772 1907 μονοστροφικόν
790 1850 881 1893 vim
918 1850 1158 1904 ignoraret,
1196 1849 1318 1892 illam
1349 1849 1404 1891 de
1435 1863 1522 1904 qua
1551 1849 1779 1904 quaeritur

225 1917 489 1974 saepissime
526 1918 734 1973 protulit,
774 1918 895 1962 velut
931 1918 978 1961 in
1017 1918 1157 1961 schol.
1198 1918 1300 1961 Eur.
1339 1918 1446 1961 Hec.
1488 1919 1609 1961 1024.
1652 1919 1773 1961 1056.

222 1985 348 2030 ioess.
400 1985 476 2030 Or.
497 1987 596 2030 982.
620 1987 743 2030 1369.
767 1987 878 2030 1395
898 1989 980 2030 etc.
1020 1986 1322 2030 Nihilominus
1343 2001 1385 2041 p.
1406 1987 1501 2030 XIV
1523 1988 1550 2030 8
1570 1987 1772 2030 vocabuli

224 2053 549 2112 μησφοφικόν
578 2069 632 2099 ea
661 2056 759 2099 sola
789 2056 914 2099 notio
946 2069 1046 2099 esse
1076 2058 1226 2110 potest
1256 2069 1389 2110 quam
1411 2055 1623 2099 diximus:
1654 2055 1774 2098 unde

223 2122 338 2168 baec
374 2122 470 2168 fere
504 2123 691 2167 efficitur
727 2124 971 2168 sententia:
1019 2124 1200 2176 „Alcaei
1240 2137 1442 2174 carmen,
1488 2125 1607 2178 quod
1646 2124 1774 2167 facile

226 2191 449 2248 quispiam
484 2192 631 2247 prima
668 2193 819 2248 specie
856 2192 900 2244 ἐξ
936 2190 1089 2249 ὁμοίιον
1126 2206 1227 2236 esse
1257 2193 1447 2244 duxerit,
1486 2207 1534 2235 re
1572 2206 1678 2236 vera
1708 2196 1776 2236 est

223 2258 337 2305 κατὰ
363 2259 520 2317 σχίσιν.
583 2261 735 2317 Neque
774 2262 894 2306 enim
941 2267 1146 2318 μετρεῖται
1189 2259 1267 2304 ὑπὸ
1315 2261 1520 2318 συζυγίας,
1570 2262 1650 2305 sed
1695 2259 1774 2316 ὑπὸ

221 2326 330 2372 &m
372 2328 586 2386 συζυγιῶν.
645 2330 763 2385 Ergo
808 2329 831 2373 ὁ
862 2328 1040 2388 ἀριθμὸς
1085 2328 1307 2387 ὡρισμένος
1337 2330 1456 2373 ἐστίν.
1516 2331 1624 2374 Inde
1663 2343 1772 2373 con-

224 2397 356 2443 cludo
393 2410 447 2441 ea
481 2411 658 2454 quoque
697 2399 910 2451 carmIna,
948 2413 1062 2455 quae
1099 2399 1227 2443 denis
1267 2399 1452 2454 syzygiis
1491 2398 1696 2442 confecta
1733 2403 1776 2442 et

223 2467 424 2522 singulas
446 2468 657 2523 strophas
679 2468 1024 2524 complectentia
1043 2469 1270 2524 plerisque
1291 2467 1335 2519 ἐξ
1354 2465 1505 2524 ὁμοίων
1527 2468 1776 2524 composita

221 2548 325 2582 esse
338 2536 560 2588 videntur,
578 2549 671 2580 non
686 2550 787 2581 esse
807 2536 852 2590 ἐξ
867 2535 1031 2594 ὁμοίων,
1048 2538 1128 2581 sed
1147 2537 1259 2580 κατὰ
1285 2536 1440 2593 σχέσιν.
1500 2536 1613 2580 Nam
1643 2537 1689 2580 in
1711 2537 1775 2579 eis

223 2617 401 2663 quoque
430 2602 455 2648 ὁ
485 2599 662 2662 ἀριθμὸς
692 2604 913 2663 ὡρισμένος
943 2605 1090 2649 ἐστίν.“
1150 2606 1293 2658 Quam
1316 2606 1476 2649 mirum
1498 2605 1557 2649 sit
1578 2605 1778 2649 carmina

222 2673 421 2730 singulas
480 2675 690 2729 strophas
756 2675 1098 2730 complectentia
1155 2674 1267 2718 κατὰ
1327 2673 1468 2731 σχέσιν
1527 2675 1775 2730 composita

221 2741 416 2790 iudicare
446 2743 671 2787 neminem
702 2743 826 2798 fugit,
842 2746 974 2799 atquc
1005 2744 1115 2787 mihi
1145 2743 1323 2799 quidem
1355 2746 1398 2786 et
1429 2743 1605 2787 dicendi
1637 2756 1775 2797 genus

222 2814 268 2856 et
297 2811 522 2857 sententia
556 2812 670 2855 adeo
710 2825 809 2855 cum
839 2812 1188 2868 Hephaestionis
1220 2812 1540 2855 consuetudine
1579 2825 1776 2868 pugnare

221 2879 440 2934 videntur,
491 2883 553 2933 ut,
604 2881 778 2925 etiamsi
828 2873 1179 2936 Hephaestionei
1228 2881 1395 2936 aliquid
1447 2881 1633 2924 subesse
1684 2894 1776 2924 non

220 2948 469 3006 praefracte
499 2950 768 3005 negaverim,
804 2950 920 2993 hanc
959 2953 1078 2994 certe
1116 2949 1334 2993 enuntiati
1373 2950 1775 2992 conformationem

221 3017 529 3077 interpolatori
584 3019 777 3063 tribuere
831 3032 922 3062 non
973 3018 1186 3063 dubitem.
1239 3019 1420 3062 Accedit
1476 3018 1596 3074 quod
1646 3021 1693 3061 ut
1732 3018 1774 3060 in

1507 3098 1549 3133 ⁴⁵*
