2196 3438
958 324 1040 368 105

169 451 178 460 ⁸
214 464 517 519 mm,
529 462 646 505 sed
669 462 792 507 solas
835 465 988 518 partes
1028 462 1121 506 sive
1158 465 1359 507 membra
1396 464 1627 519 significat,
1666 478 1777 520 quae

216 528 308 576 boc
333 529 436 575 loco
466 531 655 586 singulis
683 531 908 587 pericopis
938 532 1199 575 efficiuntur.
1268 533 1469 577 Eandem
1508 534 1594 577 coli
1629 534 1776 576 notio·

214 602 326 644 fl-
353 599 732 656 deprehendimus
762 600 853 644 iam
887 600 1007 655 apud
1037 600 1418 656 Hephaestionem
1454 616 1498 658 p.
1527 602 1665 646 XXXI
1700 603 1776 654 1¹),

55 680 57 682 ’
131 697 146 712 ..
213 666 281 717 ht
295 680 387 724 mo
415 668 517 712 loco
552 669 819 724 explicando
857 668 1070 713 Osannus
1114 670 1285 725 pariter
1327 674 1460 727 atque
1506 684 1559 715 eo
1595 671 1652 713 de
1688 684 1776 726 quo

212 735 366 793 'nitu
391 737 493 781 loco
523 739 712 791 Caesar,
751 751 852 782 cum
892 739 1158 782 sollemnem
1197 740 1296 783 colo
1333 740 1424 783 vim
1455 740 1642 784 subesse
1672 753 1776 783 cen-

213 807 355 860 md,
383 817 608 851 summam
637 807 785 851 effecit
811 808 1209 870 perturbationem.

220 888 225 908 ἱ
330 874 626 920 Ειιωιῒίειὴιιιι
669 876 878 933 „quando
915 890 1008 920 non
1048 878 1255 922 sollemni
1295 879 1651 930 continuatione,
1697 879 1776 923 sed

214 943 589 1002 ,ordinantium
618 943 749 1000 (κατὰ
776 944 976 1002 διὲχειαν)
1007 949 1051 989 et
1081 948 1344 991 varietatem
1373 948 1448 1002 (cf.
1478 945 1777 1004 ἀνομοιομερῆ)

216 1012 271 1061 in
302 1013 464 1070 epodis
506 1014 681 1070 periodi
718 1015 1027 1070 compleantur
1063 1015 1438 1073 (συμπληροῦται)“
1482 1017 1540 1060 ad
1578 1017 1777 1060 carmina

215 1079 334 1128 a&
352 1083 592 1140 περικοπὴν
619 1081 902 1141 ἀνομοιομερῆ
931 1084 1217 1129 referendum
1244 1099 1344 1128 esse
1369 1087 1416 1128 in
1436 1086 1673 1141 propatulo
1694 1089 1776 1128 est.

212 1150 280 1196 st
296 1153 439 1197 ntea
465 1152 599 1208 epodi
629 1156 736 1196 sunt
771 1153 992 1206 carmina,
1028 1154 1203 1209 periodi
1242 1155 1451 1198 binarum
1490 1155 1775 1210 stropharum

215 1221 570 1277 amplexione&
647 1222 792 1266 Verba
834 1223 909 1275 „id
954 1228 1023 1266 est
1059 1226 1153 1266 tres
1190 1227 1342 1278 partes
1373 1224 1531 1280 ea<e>,
1561 1237 1586 1267 e
1616 1224 1776 1279 quibus

212 1289 429 1347 ’'thope
457 1290 693 1336 subsistit“
722 1293 780 1335 ab
821 1305 896 1345 eo,
935 1293 1011 1348 qui
1048 1293 1235 1336 alteram
1270 1293 1508 1348 pericopae
1546 1293 1777 1336 notionem

214 1359 452 1416 &plexus
489 1363 580 1412 est,
623 1361 777 1416 inepte
819 1361 893 1404 hic
937 1374 1038 1404 esse
1076 1362 1300 1405 inculcata
1343 1375 1475 1405 nemo
1514 1375 1606 1405 non
1643 1362 1776 1405 videt.

214 1427 401 1486 duffii-a
425 1432 533 1473 sunt
550 1430 689 1474 verba
708 1443 851 1486 „quae
870 1428 1149 1488 ἀνομοιομερῆ
1163 1455 1221 1462 -
1237 1432 1509 1483 conclusio“,
1540 1431 1586 1473 in
1617 1431 1777 1486 quibus

216 1496 382 1542 itanu
409 1497 619 1542 binarum
657 1499 946 1554 stropharum
984 1500 1238 1555 coniugatio
1273 1501 1523 1556 appellatur
1550 1500 1775 1556 periodos.

215 1565 331 1612 M
370 1568 658 1620 „conclusio“
694 1569 840 1612 oratio
885 1569 993 1613 hiat.
1067 1570 1179 1614 Cum
1222 1574 1356 1613 antea
1399 1570 1667 1625 explicatum
1704 1570 1775 1621 sit,

216 1636 421 1681 cunina
445 1637 533 1682 AB
561 1637 646 1681 AB
675 1637 760 1681 AB
791 1671 802 1680 .
825 1671 836 1681 .
859 1669 870 1679 .
910 1652 1009 1682 esse
1053 1638 1166 1681 κατὰ
1207 1638 1439 1695 περικοπὴν
1482 1637 1775 1695 ἀνομοιομερῆ,

213 1707 378 1769 putu
407 1718 558 1750 sermo
587 1706 759 1750 incidat
786 1707 844 1750 de
873 1708 1149 1751 carminibus
1181 1708 1245 1751 sic
1277 1708 1540 1763 compositis
1569 1708 1657 1751 AA
1694 1708 1773 1750 BB

216 1773 299 1819 cc
325 1807 339 1818 .
366 1805 380 1816 .
410 1807 423 1819 .
455 1807 467 1828 ,
497 1788 590 1818 non
618 1776 863 1820 audaculus
894 1777 1004 1820 mihi
1033 1778 1232 1828 videbor,
1265 1778 1303 1820 si
1331 1778 1451 1820 hune
1479 1778 1573 1820 fere
1602 1778 1649 1820 in
1677 1790 1776 1820 mo-

216 1842 327 1888 dum
354 1842 562 1888 lacunam
591 1845 878 1901 supplevero:
909 1846 1110 1901 „periodi
1141 1847 1383 1890 conclusio.
1403 1847 1590 1901 <contra
1614 1846 1775 1889 merito

212 1910 332 1956 *aad
356 1912 591 1971 κρικωτὴν
621 1911 850 1972 ὁμοιομερῆ
888 1914 1079 1958 dicimus
1117 1915 1328 1958 similium
1365 1915 1560 1970 partium
1598 1915 1775 1969 copula-

215 1981 344 2026 tione
370 1982 545 2039 periodi
576 1983 959 2039 conclusionem>
990 1985 1028 2027 si
1059 1984 1239 2040 quidem
1271 2017 1282 2028 .
1303 2018 1314 2028 .
1336 2018 1346 2027 .
1369 1988 1421 2026 .“
1482 1984 1598 2039 Ergo
1635 1983 1775 2028 altera

217 2051 445 2096 enarratio
475 2056 572 2096 erat
601 2053 713 2096 haec
743 2053 857 2096 fere:

333 2120 596 2174 „Praeterea
627 2122 847 2178 reperitur
872 2135 1210 2178 nonnumquam
1232 2123 1487 2166 huiusmodi
1508 2122 1774 2177 compositio

217 2201 430 2235 'omum
459 2190 507 2234 in
535 2191 824 2243 carminibus,
864 2204 957 2234 non
994 2196 1042 2235 ut
1078 2193 1224 2247 prima
1254 2192 1520 2247 compositio
1552 2192 1775 2235 secundae
1858 2194 1863 2200 ’

217 2259 539 2316 compositioni
569 2261 685 2304 sicut
715 2261 760 2303 in
791 2261 951 2318 στροφῇ
983 2264 1026 2304 et
1056 2262 1340 2317 antistropho
1369 2261 1656 2316 respondeat,
1695 2261 1774 2303 sed

214 2330 269 2372 ut
293 2328 442 2385 prima
474 2329 655 2382 tertiae,
702 2330 902 2373 secunda
944 2333 1129 2385 quartae
1174 2330 1332 2374 similis
1379 2331 1615 2382 habeatur,
1661 2343 1773 2385 quae

219 2397 490 2454 compositio
518 2396 632 2441 κατὰ
658 2397 892 2455 περικοπὴν
926 2397 1203 2456 ἀνομοιομερῆ
1242 2399 1422 2450 dicitur;
1462 2399 1641 2454 quando
1681 2411 1773 2442 non

214 2466 426 2511 sollemni
454 2467 809 2520 continuatione,
837 2468 918 2511 sed
947 2481 1028 2523 per
1057 2468 1317 2511 distantiam
1353 2471 1398 2511 et
1435 2469 1696 2512 varietatem
1726 2467 1772 2510 in

215 2535 377 2592 epodis
402 2537 578 2592 periodi
609 2537 937 2592 compleantur3
982 2550 1095 2592 quae
1140 2532 1418 2594 ἀνομοιομερῆ
1455 2538 1614 2581 merito
1659 2537 1772 2580 dixi·

215 2617 319 2649 mus
361 2605 409 2649 id
451 2609 523 2650 est
565 2606 853 2650 dissimilium
897 2605 1092 2660 partium
1136 2606 1419 2661 copulatione
1455 2606 1628 2662 periodi
1666 2619 1772 2649 con·

216 2673 361 2718 clusio
389 2707 401 2718 .
426 2674 615 2730 <contra
666 2674 827 2718 merito
871 2672 982 2716 κατὰ
1023 2674 1256 2731 περικοπὴν
1305 2673 1532 2731 ὁμοιομερῆ
1584 2675 1771 2719 dicimus

217 2741 430 2788 similium
459 2744 653 2799 partium
685 2743 968 2798 copulatione
996 2743 1169 2798 periodi
1200 2744 1577 2798 conclusionem),
1608 2745 1647 2787 si
1675 2745 1772 2800 qui·

216 2810 321 2856 dem
367 2812 550 2856 inducta
593 2812 738 2868 prima
783 2812 967 2867 strophe
1012 2815 1055 2855 et
1106 2812 1392 2867 antistropho
1439 2826 1592 2856 rursus
1637 2813 1770 2857 aliam

217 2880 437 2936 strophen
467 2884 512 2925 et
540 2880 859 2935 antistrophon
888 2880 1259 2935 praecedentibus
1281 2881 1545 2925 dissimilem
1565 2882 1772 2925 adierant

337 3028 364 3075 ¹)
388 3030 434 3066 ef.
458 3041 555 3076 quae
579 3030 652 3066 dixi
680 3042 712 3076 p.
737 3031 784 3066 5⁶
807 3041 862 3075 sq.
