2196 3438
1230 302 1393 369 Em

498 445 718 502 strophis!
786 444 945 488 Nonne
992 443 1371 498 deprehendimus
1410 442 1653 495 hominem,
1690 441 1779 498 qui,
1817 439 2060 487 dummodo

498 516 681 558 schema
724 514 917 556 efficeret
949 525 1080 567 quam
1122 511 1524 567 simplicissimum,
1573 514 1831 567 poematum
1874 514 2061 556 namne

496 585 586 627 vim
619 583 835 627 adhibere
867 595 959 625 non
991 580 1291 624 dubitaverit?
1357 581 1478 623 Idem
1517 579 1757 624 consilium
1791 579 2063 636 perspicitur

499 654 545 696 in
578 652 851 695 carminibus
881 648 995 693 κατὰ
1024 648 1166 707 στίχον
1195 653 1240 693 et
1269 647 1381 692 κατὰ
1406 647 1599 705 σύστημα
1628 649 1747 693 inter
1770 661 1819 692 se
1840 648 2062 706 oppositis

498 734 739 776 eorumque
786 718 1097 763 divisionibus.
1165 718 1445 775 Quamquam
1485 718 1606 762 enim
1643 718 1919 773 Hephaestio
1963 717 2062 762 sola

499 791 699 834 carmina
733 785 1021 845 συστηματικοί
1059 787 1106 830 in
1146 786 1347 831 carmina
1376 785 1488 830 κατὰ
1518 785 1661 844 σχέσιν
1690 790 1735 841 et
1771 781 2062 845 ἀτωλιλυμένα

498 858 744 913 distinguit,
777 857 895 900 idem
928 857 973 899 in
1003 856 1277 911 parabaseos
1309 856 1614 911 descriptione
1653 854 1795 912 σχέσιν
1832 855 1970 900 etiam
2003 854 2062 900 ad

500 928 701 972 carmina
744 924 856 968 κατὰ
900 925 1043 982 στίχον
1087 925 1313 981 pertinere
1352 925 1638 981 significavit,
1685 938 1787 968 cum
1823 923 2064 980 parabuin

499 996 679 1052 proprie
711 995 877 1038 dictam
909 994 1026 1037 inter
1055 991 1349 1051 ἀπολελυμένα
1369 994 1602 1050 reciperet,
1635 993 1846 1051 ἐπίρρημα
1875 996 1921 1038 et
1949 990 2063 1037 ἀνα-

497 1065 685 1122 πίρρημα
724 1065 841 1107 inter
886 1062 1086 1107 carmina
1128 1060 1241 1106 κατὰ
1287 1062 1430 1120 σχέσιν
1475 1062 1739 1118 composita.
1807 1062 1983 1107 Tamen
2020 1064 2065 1105 et

500 1136 610 1178 haec
641 1137 683 1177 et
717 1134 792 1176 illa
821 1131 934 1175 κατὰ
963 1131 1106 1189 στίχον
1136 1132 1409 1186 digeruntur.

612 1214 707 1258 Τῶν
726 1216 1043 1271 συστηματικῶν
1068 1226 1168 1256 cum
1195 1213 1284 1256 alia
1306 1215 1524 1257 vocentur
1551 1212 1663 1256 κατὰ
1686 1210 1830 1270 σχέσιν
1853 1212 1942 1257 alia
1961 1209 2064 1255 ἀπο-

498 1282 703 1341 λελυμένα
729 1295 790 1326 sc.
816 1276 899 1324 ἀπὸ
922 1280 998 1337 τῆς
1019 1280 1207 1338 σχέσεως
1235 1285 1422 1337 apparet
1451 1282 1615 1325 debere
1639 1283 1751 1325 haec
1781 1281 1871 1325 duo
1901 1274 2065 1338 genera

500 1352 737 1407 complecti
767 1351 920 1394 omnia
951 1350 1152 1394 carmina
1172 1350 1471 1406 systematica‚
1500 1350 1864 1407 quandoquidem
1884 1350 1933 1394 in
1950 1362 2066 1394 uno-

500 1435 675 1478 quoque
707 1420 905 1463 carmine
935 1418 1077 1476 σχέσις
1106 1422 1183 1463 aut
1213 1420 1452 1463 observata
1482 1423 1551 1463 est
1581 1422 1659 1463 aut
1689 1432 1782 1463 non
1810 1420 2067 1464 observata.

501 1491 631 1543 Quod
676 1503 777 1533 curn
823 1489 1109 1544 cognovisset
1154 1489 1459 1544 Westphalius
1512 1492 1634 1533 recte
1678 1487 1854 1547 μετρικοὶ
1902 1485 2067 1532 ἄτακτα

502 1559 765 1603 subicienda
796 1572 896 1602 esse
928 1558 1103 1601 censuit
1131 1563 1215 1609 τοῖς
1246 1556 1813 1615 ἀπολελυμένοις,-οαι·ωἰηα
1842 1555 1887 1610 ἐξ
1914 1554 2068 1615 ὁμοίων

502 1643 556 1672 ex
587 1631 715 1684 parte
745 1633 829 1679 τοῖς
859 1626 1192 1684 ἀπολελυμένας,
1232 1641 1286 1670 ex
1317 1630 1445 1682 parte
1473 1633 1557 1678 τοῖς
1593 1626 1705 1670 κατὰ
1749 1626 1894 1684 σχέσιν
1935 1625 2067 1682 (Allss.

500 1699 625 1741 Metr.
657 1698 725 1740 ed.
756 1697 810 1739 111
839 1710 881 1751 p.
913 1698 1027 1752 200).
1086 1697 1146 1739 At
1186 1697 1413 1752 quaeritur
1451 1696 1678 1752 quomodo
1716 1697 1881 1739 factum
1917 1695 1990 1748 sit,
2011 1697 2068 1738 'ut

502 1768 590 1810 duo
635 1767 711 1809 illa
756 1779 920 1821 genera
966 1765 1124 1808 eodem
1163 1766 1263 1808 loco
1301 1768 1434 1821 atque
1474 1765 1676 1809 carmina
1710 1764 1823 1808 κατὰ
1851 1762 1995 1821 σχέσιν
2022 1766 2068 1807 et

504 1831 795 1892 ἀπολελυμένα
834 1835 1123 1878 collocentur.
1188 1835 1237 1877 In
1276 1839 1481 1891 μετρικοῖς
1517 1829 1711 1886 ἀτάκτοις
1748 1833 2067 1878 consociantur

502 1906 559 1948 ad
589 1905 823 1948 libidinem
852 1907 945 1947 tres
978 1904 1045 1947 vel
1078 1904 1272 1946 fortasse
1302 1906 1513 1959 quattuor
1543 1903 1824 1947 diversorum
1852 1913 2065 1958 generum

503 1987 673 2026 versus,
703 1974 824 2016 velut
861 1974 908 2015 in
947 1972 1195 2016 Simonidis
1234 1973 1610 2028 epigrammate,¹)
1647 1975 1724 2016 aut
1761 1971 2068 2016 admiscentur

504 2043 729 2086 continuis
759 2043 893 2086 unius
924 2042 1101 2097 generis
1131 2042 1335 2085 versibus
1355 2055 1513 2085 versus
1534 2042 1718 2085 alterius
1740 2041 1932 2097 generis¹
1964 2052 2067 2096 spa-

504 2113 577 2156 tiis
609 2111 856 2155 interiectis
887 2111 1023 2154 modo
1054 2110 1336 2154 brevioribus
1367 2111 1503 2154 modo
1541 2110 1835 2166 longioribus,
1872 2109 1990 2153 velut
2018 2108 2067 2151 in

503 2181 703 2236 Margita.
763 2180 1030 2224 Huiusmodi
1062 2179 1265 2223 carmina
1296 2193 1397 2223 cum
1426 2177 1539 2222 κατὰ
1568 2179 1711 2235 στίχον
1746 2177 1943 2222 dimetiri
1974 2190 2067 2221 non

503 2253 672 2306 posset,
703 2249 978 2304 Hephaestio
1010 2249 1307 2303 systematicis
1340 2248 1584 2300 subiunxit,
1623 2248 1711 2291 etsi
1747 2260 1841 2291 non
1881 2260 1983 2291 esse
2020 2246 2067 2289 in

504 2321 568 2362 eis
615 2322 736 2362 certa
780 2321 1024 2374 systemata
1068 2317 1367 2360 distribuendi
1414 2317 1542 2373 quasi
1588 2316 1859 2372 principium
1898 2315 2067 2359 consti-

503 2389 675 2431 tuentia
706 2388 934 2430 neminem
964 2387 1192 2442 praeterit.
1244 2387 1465 2442 Strophas
1486 2399 1592 2429 vero
1620 2386 1666 2429 in
1695 2386 1762 2429 eis
1793 2384 2068 2440 distinguere

506 2458 600 2500 iure
645 2456 800 2500 noluit.
874 2457 933 2499 At
983 2456 1104 2499 enim
1147 2455 1228 2498 τῶν
1274 2450 1594 2512 ἄπολελυμένων
1637 2456 1725 2499 tria
1773 2455 2069 2498 secernuntur

505 2539 682 2580 genera.
741 2526 829 2568 Aut
859 2529 951 2568 tam
982 2538 1120 2580 parva
1151 2527 1257 2567 sunt
1287 2525 1488 2568 carmina
1517 2528 1567 2568 ut
1598 2525 1831 2580 stropham
1860 2526 1955 2566 no‘n
1984 2522 2068 2565 im-

505 2597 657 2650 pleant
687 2594 927 2651 (ἄστροφα),
958 2597 1034 2637 aut
1066 2594 1454 2648 comprehendunt
1476 2595 1546 2637 vel
1567 2607 1703 2639 unam
1724 2593 1794 2636 vel
1814 2591 2067 2647 complures

624 2780 650 2826 ¹)
688 2780 732 2815 cs.
765 2779 897 2815 Critiae
934 2790 1082 2815 carmen
1118 2779 1215 2825 apud
1247 2779 1366 2825 Heph.
1393 2789 1427 2824 p.
1455 2779 1509 2820 11,
1534 2778 1556 2813 9
1581 2787 1682 2822 sqq.;
1713 2774 1913 2811 Simonidis
1937 2774 2071 2820 fragm.

509 2838 574 2873 125
598 2838 635 2873 in
661 2838 791 2883 Bergk.
816 2838 907 2873 PLG
932 2837 1016 2872 111⁴.
1066 2837 1249 2873 Omnibus
1279 2837 1338 2872 his
1370 2837 1463 2872 locis
1496 2835 1543 2871 ad
1572 2838 1690 2870 metra
1719 2833 1899 2870 varianda
1928 2832 2069 2878 aliquid

508 2896 640 2931 saltem
659 2897 853 2931 valuerunt
867 2895 1018 2931 nomina
1035 2896 1194 2941 propria.
1243 2895 1411 2931 Indidem
1434 2894 1666 2940 potissimum
1691 2892 1947 2938 explicandum
1970 2885 2070 2927 vide-

508 2958 575 2994 tur,
602 2955 703 2999 quod
729 2954 859 2989 similis
885 2954 1029 2998 generis
1055 2954 1224 2999 exempla
1248 2965 1324 2989 non
1348 2964 1433 2988 rara
1457 2955 1543 2988 sunt
1566 2952 1603 2987 in
1629 2949 1903 2997 epigrasmnatis
1928 2949 2069 2995 graecis

508 3024 529 3047 a
554 3012 722 3047 Kaibelio
747 3012 881 3058 (Berol.
910 3012 1012 3057 1878)
1038 3011 1215 3047 collectis.
2028 3012 2032 3014 ’
