2196 3438
1191 274 1249 317 40

454 417 636 467 saveris,
675 416 753 459 sed
783 429 825 469 p.
857 413 912 456 111
942 414 982 455 4.
1019 413 1081 456 14.
1117 412 1168 455 16
1212 412 1268 455 ad
1313 408 1438 469 μικτσί
1480 412 1549 455 vel
1587 409 1706 456 κοινοί
1734 411 2001 457 adieetivum

454 498 554 528 esse
593 483 886 539 supplendum
935 494 987 523 ex
1035 480 1343 523 commentarii
1382 481 1397 523 1
1435 479 1583 524 verbis
1629 493 1761 524 nemo
1807 480 2002 537 dispioit,

456 553 618 597 nedum
657 553 860 606 cuiquam
892 549 1154 592 vocabulum
1183 546 1328 606 γενικοί
1360 549 1406 592 in
1437 551 1634 593 mentem
1663 549 1815 595 venire
1843 549 2001 606 possit.

455 623 626 666 Tamen
673 622 782 663 haec
828 632 1004 674 quoque
1050 621 1172 662 certo
1217 618 1382 674 speciei
1421 618 1604 662 nomine
1642 619 1856 675 indigent,
1897 621 1948 665 ut
1975 631 2004 664 a

458 691 636 745 reliquis
668 691 819 745 μικτῶν
849 690 893 730 et
922 685 1067 729 κοινῶν
1097 686 1334 740 generibus
1366 686 1710 741 distinguantur,
1740 700 1898 745 neque,
1927 687 2004 745 qui

456 759 637 802 ulterius
668 755 976 800 commentarii
1008 753 1133 812 μικτὰ
1160 752 1306 811 γενικοὶ
1335 758 1380 798 et
1409 754 1528 799 κοινοὶ
1563 752 1708 813 γενικοὶ
1744 758 2004 813 respexerit,

457 827 688 878 dubitabit,
741 825 847 880 quin
893 825 939 867 in
986 825 1130 876 fonte,
1183 837 1316 880 quem
1361 825 1585 869 consuluit
1638 826 1947 872 commentarii
1987 827 2006 872 1

459 896 662 951 scriptor,
701 908 752 937 ea
799 894 962 937 fuerint
1000 896 1255 949 nuncupata
1292 892 1418 951 μικτὰ
1453 893 1599 951 γενικοὶ
1628 898 1673 938 et
1701 893 1821 939 κοινὰ
1847 892 2005 952 ymni.

458 966 513 1008 At
544 978 695 1007 nonne
733 964 818 1006 hoc
849 963 1003 1006 vitium
1040 962 1217 1018 gravius
1247 962 1421 1007 videtur
1451 977 1583 1019 quam
1621 964 1741 1020 quod
1771 963 2006 1009 enchiridii

459 1033 665 1089 scriptori
704 1032 1044 1087 imputemus?¹)
1103 1031 1221 1084 Quid
1273 1033 1393 1088 quod
1446 1033 1647 1077 carmina
1697 1033 1809 1077 κατὰ
1865 1032 2008 1092 σχίσιν

459 1118 499 1158 p.
532 1103 584 1145 IV
615 1103 642 1144 6
673 1102 880 1145 dicuntur
901 1099 981 1144 ὅσα
1011 1106 1217 1158 μετρεῖται
1245 1098 1324 1145 ὑπὸ
1354 1098 1644 1159 συστήματοςΡ
1674 1116 1788 1159 quae
1809 1101 2008 1147 definitio

459 1173 515 1215 ad
561 1171 712 1214 omnia
756 1170 955 1214 carmina
1000 1170 1285 1226 systematica
1335 1170 1537 1227 quadrat.
1610 1171 1791 1216 Secludi
1839 1171 2010 1229 reliqua

462 1239 744 1296 systematica
766 1240 996 1282 enuntiato
1021 1239 1273 1295 insequenti
1303 1239 1492 1283 καλεῖται
1521 1240 1567 1283 δὲ
1597 1239 1726 1293 οὕως
1754 1240 1860 1294 κτλ,
1890 1241 2012 1298 quod

462 1311 605 1366 ipsum
651 1309 982 1365 quodammodo
1035 1308 1306 1352 definitionis
1357 1312 1531 1364 partem
1583 1310 1738 1364 efficit,
1798 1310 2011 1363 concedo,

462 1382 767 1422 verumtamen
819 1391 971 1421 nonne
1026 1378 1236 1421 universa
1291 1378 1401 1422 haec
1459 1378 1712 1434 explicandi
1761 1379 1876 1424 ratio
1923 1379 2013 1424 He-

460 1447 736 1503 phaestionis
775 1448 980 1490 acumine
1021 1450 1170 1490 caret?
1236 1448 1284 1490 ln
1325 1447 1647 1491 commentario
1676 1448 1712 1491 11
1750 1448 1907 1493 eadem
1935 1448 2014 1493 de·

462 1517 717 1560 scribuntur
763 1516 832 1559 his
877 1516 1025 1559 verbis
1070 1530 1112 1571 p.
1158 1517 1234 1559 XlI
1282 1518 1300 1559 1
1349 1515 1473 1560 Κατὰ
1509 1515 1651 1573 σχὲσιν
1681 1549 1691 1560 .
1723 1549 1734 1560 .
1765 1550 1776 1560 .
1821 1515 1942 1572 bertr,
1985 1515 2015 1560 c!

464 1583 669 1628 δουλεύων
700 1581 973 1628 ἀνταποδόσει
1001 1586 1075 1627 καὶ
1114 1580 1397 1642 ἀνακυκλήσει
1432 1583 1455 1628 ὁ
1486 1583 1662 1642 ποιητής
1689 1584 1852 1643 γράφει,
1882 1588 2016 1643 atque

463 1655 651 1698 eandem
689 1655 757 1697 vel
794 1654 888 1697 eius
926 1654 1207 1698 consimilem
1243 1655 1574 1698 enarrationem
1613 1654 1748 1699 etiam
1790 1668 2016 1700 commen·

465 1724 564 1766 tarii
596 1725 610 1766 1
652 1724 860 1778 scriptori
901 1726 1055 1767 notam
1095 1724 1234 1767 fuisse
1272 1724 1375 1768 inde
1415 1724 1675 1777 conieceris,
1713 1724 1833 1780 quod
1869 1723 1917 1768 in
1946 1737 2016 1780 με·

463 1797 614 1848 τρικοῖς
651 1789 842 1843 ἀτάκτοις
879 1792 940 1847 (p.
977 1792 1032 1835 IV
1075 1793 1144 1846 15)
1191 1792 1457 1847 compositio
1509 1791 1622 1834 κατὰ
1664 1791 1807 1850 σχέσιν
1851 1793 2017 1837 diserte

469 1862 668 1905 renuitur
697 1861 846 1904 verbis
877 1858 1161 1918 ἀνακόκλησιν
1189 1859 1268 1904 οὐκ
1298 1862 1398 1918 ἔχει.
1459 1862 1604 1906 Verba
1641 1861 1735 1905 οὔτε
1763 1859 1843 1905 ὑπὸ
1873 1861 2018 1919 στίχου

467 1930 561 1974 οὔτε
590 1929 669 1973 ὑπὸ
699 1929 960 1987 συστήματος
997 1927 1366 1987 καταμετρούμενα
1410 1931 1470 1986 (p.
1501 1931 1556 1974 IV
1603 1931 1800 1987 12—13)‚
1843 1933 1889 1975 et
1923 1929 2020 1974 οὔτε

469 1998 579 2042 κατὰ
609 1999 751 2056 στίχον
780 1994 878 2041 οὐδὲ
907 1997 1196 2056 συστηματικοί
1225 2000 1285 2054 (p.
1307 2000 1360 2042 IV
1384 2000 1567 2055 15—16)
1597 1999 1758 2055 quibus
1787 1999 2020 2056 scriptoris

473 2068 889 2111 ratiocinationibus
943 2068 1192 2111 debeantur
1244 2082 1378 2123 supra
1422 2068 1622 2124 exposui,
1667 2070 1714 2111 at
1757 2068 2020 2123 gravissime

471 2138 703 2181 offendunt
735 2138 780 2180 in
813 2138 1059 2181 carminum
1089 2138 1404 2193 descriptione,
1445 2151 1558 2194 quae
1589 2138 1687 2193 ipsa
1718 2137 1914 2193 speciem
1942 2137 2023 2181 τῶν

470 2206 783 2263 συστηματικῶν
815 2207 1022 2251 efficiunt.

586 2300 820 2342 Postremo
879 2300 1085 2343 conferas
1144 2299 1514 2343 commentarium
1563 2300 1580 2342 1
1639 2313 1738 2343 cum
1795 2298 1862 2342 eis
1910 2311 2023 2354 quae

474 2368 748 2422 respondent
788 2369 1097 2412 commentarii
1134 2369 1170 2412 11
1209 2369 1442 2424 capitibus,
1482 2382 1570 2424 quo
1609 2369 1654 2411 in
1701 2367 2023 2411 commentario

474 2439 645 2478 tantum
691 2450 782 2479 non
828 2450 1006 2492 semper
1050 2450 1133 2479 nos
1179 2437 1278 2492 ipsa
1313 2437 1661 2491 Hephaestionis
1699 2436 1836 2480 verba
1870 2438 2024 2480 tenere

476 2518 632 2547 omnes
665 2506 964 2548 consentiunt.
1025 2506 1182 2549 Vocari
1215 2507 1261 2549 in
1293 2506 1615 2549 commentario
1646 2506 1663 2548 I
1699 2519 1742 2561 p.
1779 2505 1835 2549 VI
1871 2505 1898 2547 9
1927 2516 2023 2560 sqq.

475 2571 701 2629 περιόδους,
746 2588 858 2629 quae
903 2575 949 2617 in
980 2576 1120 2618 altero
1150 2589 1192 2630 p.
1224 2575 1322 2618 XIX
1351 2576 1378 2617 6
1400 2589 1496 2630 sqq.
1529 2577 1632 2618 sunt
1661 2570 1917 2630 συστήματα,
1946 2586 2026 2629 ap-

478 2643 631 2696 pellari
671 2643 716 2684 in
754 2644 1076 2687 commentario
1109 2645 1125 2686 l
1156 2642 1279 2699 ἰδέας,
1318 2657 1431 2699 quae
1470 2643 1515 2686 in
1546 2643 1685 2686 altero
1715 2641 1901 2685 audiunt
1918 2641 2026 2725 εἴδη,

598 2850 622 2893 ¹)
648 2850 727 2885 Non
758 2861 868 2896 posse
899 2851 1108 2886 huiusmodi
1139 2854 1292 2897 peccata
1323 2851 1408 2886 inde
1439 2849 1622 2896 explicari,
1652 2850 1752 2895 quod
1783 2849 1820 2884 in
1845 2859 2027 2884 commen-

481 2907 573 2941 tario
598 2907 611 2942 1
633 2908 792 2943 tironum
817 2908 853 2942 in
878 2919 984 2943 usum
1009 2909 1218 2955 conscripto
1234 2908 1460 2955 Hephaestio
1486 2907 1674 2943 brevitatis
1699 2906 1807 2946 fuerit
1830 2906 2029 2949 studiosus.

481 2964 539 2999 vix
565 2968 620 2999 est
645 2967 743 3011 quod
767 2977 948 3002 moneam.
