2196 3438
968 315 1026 359 69

78 453 83 455 ’
151 483 154 486 «
218 454 605 517 efflgabmiale
643 456 713 498 est
747 453 910 497 Philici
948 453 1057 496 illud
1086 453 1233 508 Heph.
1268 467 1309 509 p.
1341 453 1410 506 31,
1440 454 1498 496 ΞΟ
1526 453 1780 506 excitatum,

217 518 291 572 ‘15'
319 523 658 580 Hephaestione
704 535 796 566 non
842 525 1138 566 annumerata
1182 535 1284 566 esse
1322 522 1597 567 carminibus
1636 526 1778 578 syste-

214 593 408 646 ffleis,
438 592 519 637 sed
549 591 824 635 carminibus
853 589 965 634 κατὰ
995 590 1150 647 στίχον.
1200 591 1313 635 Nam
1341 594 1391 635 ut
1418 591 1478 647 (p.
1501 591 1555 634 111
1575 593 1616 635 8.
1645 592 1684 635 X
1708 593 1778 643 12)

214 667 399 715 men
426 659 457 718 ἡ
485 666 584 713 παῖς
610 656 640 718 ἡ
669 657 972 712 κατάκλειστος
998 659 1104 714 κτλ,
1137 660 1262 703 cuius
1293 660 1457 716 singuli
1494 674 1652 704 versus
1684 675 1785 704 non-

214 733 324 783 ant
363 730 499 776 stichi
542 730 624 774 sed
667 731 910 780 commata,
955 729 1233 784 Hephaestio
1277 730 1509 774 dimensus
1548 733 1618 773 est
1664 728 1776 773 κατὰ

214 799 374 861 me»,
402 800 468 844 ita
495 800 584 844 hoc
613 811 790 855 quoque
820 811 1017 850 carmen,
1048 799 1133 842 etsi
1164 798 1326 853 singuli
1359 799 1454 843 eius
1484 813 1641 842 versus
1661 800 1779 843 ultra

213 869 464 934 Ulmum
499 868 632 913 metri
671 869 855 911 modum
898 867 1322 922 progrediebantur,
1360 868 1458 911 sine
1495 868 1631 912 dubio
1668 866 1780 911 κατὰ

214 937 360 999 w
378 937 620 986 distribuit.
673 935 911 992 Proprium
942 937 1061 980 enim
1088 937 1347 990 stichorum‚
1378 951 1491 993 quos
1513 951 1605 980 non
1627 937 1779 981 metri·

218 1005 555 1059 &mationibus
570 1005 739 1058 deberi,
755 1005 837 1048 sed
860 1019 886 1049 a
910 1006 1158 1061 scripturae
1174 1019 1336 1061 genere
1352 1006 1570 1061 originem
1587 1007 1782 1050 traxisse

213 1075 503 1128 inu-dudum
533 1074 761 1130 cognitum
790 1075 912 1129 est1),
943 1088 1037 1118 non
1059 1078 1150 1118 tam
1173 1078 1295 1118 certa
1314 1075 1622 1131 magnitudine
1643 1089 1777 1131 quam

213 1145 429 1199 emuna
457 1143 724 1200 repetitione
754 1143 955 1187 efficitur.
1012 1144 1159 1199 Atque
1190 1144 1397 1199 equidem
1426 1147 1612 1199 propter
1635 1145 1775 1188 schol.

210 1212 415 1273 ωβ
441 1227 486 1270 p.
516 1214 583 1265 10,
614 1213 668 1256 19
698 1211 832 1255 ἰστέον
859 1226 911 1269 γε
939 1210 1022 1269 μὴν
1051 1207 1107 1264 ὥς
1136 1213 1256 1256 τοῦτο
1286 1212 1334 1255 τὸ
1362 1212 1640 1270 πεντάμετρον
1669 1211 1775 1256 σπά-

215 1281 310 1334 ὴόν
337 1282 425 1328 δον.
452 1281 522 1325 διὰ
550 1279 598 1325 τὸ
627 1281 687 1338 μὴ
719 1280 950 1339 βούλεσθαι
986 1279 1056 1326 τὸν
1084 1281 1234 1339 ἴαμβον
1262 1282 1387 1339 (ἐπὶ)
1414 1281 1542 1326 πλέον
1570 1282 1652 1325 τῶν
1681 1281 1716 1325 λ’
1747 1281 1776 1339 ἠ

209 1350 396 1410 τᾶνλβ*
439 1349 602 1409 χρόνων
644 1349 852 1402 αὔξεσθαι
886 1364 979 1394 non
1016 1351 1196 1405 dubito,
1241 1351 1348 1407 quin
1393 1352 1527 1394 etiam
1573 1352 1774 1407 singulos

213 1420 474 1474 wulnodi
517 1420 768 1464 carminum
815 1433 970 1463 versus
1014 1420 1290 1475 Hephaestio
1336 1420 1502 1477 στίχους
1537 1420 1773 1464 vocaverit.

213 1487 523 1547 Silongiores
553 1491 683 1533 erant
712 1502 884 1541 versus,
922 1503 1057 1544 quam
1094 1492 1143 1532 ut
1181 1489 1284 1532 huic
1321 1490 1485 1533 rationi
1522 1489 1664 1532 subici
1695 1503 1775 1544 po-

210 1559 393 1614 tuerint,
425 1558 535 1603 illud
564 1561 714 1601 ortum
744 1561 815 1602 est
843 1558 1093 1601 carminum
1131 1572 1292 1614 genuS,
1331 1558 1452 1614 quod
1490 1558 1537 1601 in
1576 1559 1774 1602 carmine

212 1627 394 1683 Alcaico
424 1627 500 1685 ῐμι
538 1626 678 1670 δείλαν
714 1626 805 1670 κτλ.
850 1641 905 1670 ex
952 1630 1162 1682 quattuor
1205 1628 1427 1671 denorum
1462 1628 1626 1683 pedum
1667 1641 1775 1671 con-

210 1696 515 1754 &tionibus
569 1698 808 1739 constante
851 1696 1129 1752 Hephaestio
1174 1710 1216 1752 p.
1256 1697 1351 1740 XIV
1389 1698 1417 1740 9.
1462 1710 1560 1752 sqq.
1606 1697 1773 1740 statuit.

208 1757 301 1818 Bao
341 1758 534 1821 ‘singulis
578 1765 713 1821 igitur
756 1765 978 1816 versibus,
1022 1765 1406 1821 Hephaestionem
1453 1765 1490 1809 si
1533 1765 1774 1821 sequimur,

210 1834 430 1887 habmus
460 1837 704 1890 systemata
734 1834 803 1878 vel
836 1835 1048 1889 strophas
1069 1837 1300 1890 totumque
1323 1848 1504 1879 carmen
1525 1838 1595 1878 est
1615 1848 1774 1878 mono-

211 1903 491 1960 mhicum
516 1903 599 1957 (sc.
620 1901 664 1955 ἐξ
683 1897 865 1960 ὁμοίων).
911 1903 1129 1947 Similiter
1149 1904 1315 1955 omnia,
1336 1918 1449 1959 quae
1469 1905 1586 1948 ultra
1608 1904 1772 1948 iustum

211 1971 347 2024 notri
375 1971 560 2016 modum
588 1972 900 2027 procederent,
937 1986 965 2016 a
1002 1973 1217 2016 nonnulis
1255 1970 1437 2016 σύνθετα
1475 1976 1635 2016 vocata
1672 1987 1773 2016 esse

211 2040 435 2091 Aristides
465 2040 617 2093 Quint.
647 2054 691 2096 p.
723 2041 791 2093 32,
822 2042 878 2084 25
906 2044 1064 2085 auctor
1093 2045 1175 2085 est.
1234 2042 1387 2098 Neque
1417 2055 1605 2098 usquam
1635 2042 1774 2085 tradi-

211 2112 311 2156 tum
325 2111 399 2154 eat
415 2109 799 2165 Hephaestionem
819 2110 1078 2154 huiusmodi
1100 2124 1257 2154 versus
1278 2111 1491 2166 periodos
1507 2111 1773 2167 appellasse.

212 2177 378 2224 Omnia
406 2177 528 2222 enim
564 2178 739 2222 scholia
774 2178 1159 2234 Hephaestionea‚
1198 2180 1244 2223 in
1284 2180 1444 2236 quibus
1483 2180 1773 2235 periodorum

214 2259 383 2292 nomen
412 2246 586 2302 legitur,
616 2247 674 2291 ad
703 2247 891 2291 alteram
922 2248 1051 2291 metri
1083 2248 1390 2292 definitionem
1429 2252 1647 2304 spectant,
1686 2262 1775 2304 qua

212 2319 357 2363 metra
383 2329 526 2373 usque
556 2315 614 2360 ad
643 2316 826 2372 triginta
856 2316 944 2360 duo
975 2319 1181 2372 tempora
1201 2317 1411 2373 progredi
1431 2318 1772 2373 praescribitur;

212 2385 268 2431 cl.
298 2385 523 2431 Choerob.
553 2399 596 2441 p.
628 2385 696 2438 74,
731 2386 796 2428 18.
856 2385 1087 2438 Scholion,
1118 2387 1238 2442 quod
1269 2400 1323 2430 ex
1355 2387 1510 2430 codice
1544 2385 1582 2440 Q
1611 2387 1772 2431 Stude-

210 2454 405 2501 mundus
436 2454 484 2498 in
513 2453 682 2498 Anecd.
714 2467 804 2498 var.
836 2454 853 2497 1
883 2468 982 2509 pag.
1013 2455 1092 2497 133
1123 2458 1313 2499 exeunte
1343 2455 1420 2510 (ad
1439 2470 1481 2511 p.
1504 2456 1572 2507 32,
1593 2456 1622 2499 4-
1642 2458 1771 2512 sqq.),

211 2536 268 2569 ex
297 2523 528 2568 codicibus
558 2522 600 2565 A
629 2525 675 2567 et
704 2521 754 2565 K
778 2522 944 2567 ibidem
975 2537 1072 2579 pag.
1109 2524 1191 2567 134-
1227 2524 1304 2579 (ad
1340 2538 1438 2580 pag.
1469 2525 1538 2576 33,
1559 2526 1587 2568 8
1617 2538 1675 2568 an
1713 2526 1771 2568 ad

211 2606 310 2650 pag.
341 2593 410 2647 34,
441 2593 516 2647 65²)
547 2591 685 2636 edidit
715 2592 791 2645 (cf.
821 2592 965 2648 Heph.
995 2606 1038 2648 p.
1070 2594 1119 2636 31
1154 2593 1257 2636 adn.
1297 2593 1473 2648 Gaisf.),
1512 2597 1769 2649 corruptum

211 2675 314 2708 esse
358 2661 488 2706 facile
530 2661 856 2717 perspicitur.⁸)
930 2662 1093 2706 Verum
1138 2662 1228 2706 iam
1275 2662 1383 2706 vidit
1428 2662 1655 2715 Pauwius,
1695 2663 1770 2719 qui

329 2786 356 2834 ¹)
380 2789 426 2824 cs.
451 2787 563 2823 etiam
586 2787 632 2823 τοὶ
657 2787 821 2832 οτιχηδόν
844 2789 1075 2832 γεγραμμένα
1100 2787 1136 2823 in
1163 2787 1279 2823 schol.
1305 2788 1341 2823 in
1359 2788 1467 2824 Dion.
1492 2788 1579 2825 Thr.
1606 2801 1639 2835 p.
1658 2789 1735 2830 784,
1750 2789 1772 2824 4

210 2848 250 2883 et
272 2845 516 2883 Studemundi
540 2845 607 2882 An.
634 2857 709 2882 var.
735 2846 749 2882 1
775 2857 810 2892 p.
834 2846 914 2886 230.
942 2845 995 2881 17.

325 2903 357 2950 ¹)
380 2903 545 2941 Eandem
576 2904 823 2950 corruptelam
860 2903 934 2940 iam
965 2903 1054 2949 legit
1092 2903 1166 2939 loa.
1197 2903 1320 2940 Tzetz.
1353 2904 1375 2940 1.
1409 2916 1438 2940 c.
1473 2916 1506 2950 p.
1532 2905 1612 2945 311.
1640 2905 1655 2940 1
1688 2916 1770 2951 sqq.

211 2965 251 2999 ot
270 2962 352 3005 818,
375 2963 410 3005 8,
441 2963 545 2999 cuius
577 2963 623 2999 de
649 2963 718 2999 hac
744 2962 911 2999 doctrina
937 2966 1134 3008 praecepta
1166 2962 1284 3009 magis
1318 2963 1452 2999 &attilia
1483 2967 1569 2999 sunt
1597 2974 1708 3010 quam
1733 2963 1770 2999 in

211 3019 347 3068 quibu
371 3020 599 3067 explicandi·
624 3033 775 3068 operam
801 3020 965 3067 perdam.
