2196 3438
1234 312 1288 354 92
1365 372 1383 375 -

482 453 578 493 arte
625 451 848 494 rhetorica
893 450 1088 505 aliquam
1141 452 1232 495 vim
1276 453 1489 496 habuisse
1534 452 1757 504 concedo,
1806 452 1887 497 sed
1928 452 2034 505 mos

483 519 642 562 modos
673 533 699 562 a
728 519 1016 573 Pergamenis
1048 520 1157 564 solis
1187 522 1446 577 propositos
1477 522 1616 567 fuisse
1644 523 1723 567 ubi
1752 523 2035 567 demonstra·

484 588 594 630 verit
623 589 711 631 Leo
744 601 834 631 non
866 588 1008 631 video.
1068 589 1207 633 Immo
1245 590 1319 634 ille
1358 591 1455 646 ipse
1492 591 1742 635 rectissime
1773 590 2035 647 significavit

482 657 650 699 eisdem
683 657 829 700 modis
862 658 1106 701 Varronem
1142 659 1188 701 in
1226 663 1320 703 arte
1366 660 1659 715 etymologica
1697 674 1829 716 quam
1871 662 2035 704 vocant

481 726 661 768 Graecis
693 725 949 768 auctoribus
980 740 1111 770 usum
1141 740 1254 780 esse,
1286 728 1365 771 sed
1396 728 1562 772 addere
1590 728 1744 772 debuit
1762 727 2033 773 Graecorum

482 794 665 837 nomina
694 808 722 837 a
752 795 950 838 Varrone
979 795 1079 851 ipso
1111 796 1267 851 citata3
1296 811 1335 840 v.
1368 798 1491 841 Varr.
1521 797 1578 840 de
1607 797 1635 840 l.
1663 788 1695 840 l.
1725 797 1780 841 VI
1805 798 1834 840 2
1865 796 2033 850 „Huius

481 864 544 906 rei
575 867 731 907 auctor
761 864 871 907 satis
902 865 1011 908 mihi
1042 866 1316 921 Chrysippus
1347 869 1391 910 et
1419 867 1657 922 Antipater
1687 869 1732 910 et
1761 899 1772 910 .
1793 899 1804 910 .
1825 899 1838 910 .
1859 866 2034 911 Aristo-

478 933 651 988 phanes
682 936 727 976 et
755 934 1078 989 Apollodorus,
1117 935 1192 990 qui
1230 948 1389 979 omnes
1426 936 1564 980 verba
1602 949 1655 979 ex
1685 935 1835 980 verbis
1864 935 1928 980 ita
1948 934 2034 980 *do-

479 1003 635 1046 clinari
667 1003 881 1054 scribunt,
913 1006 961 1046 ut
989 1004 1127 1047 verba
1155 1004 1328 1048 litteras
1350 1005 1439 1048 alia
1459 1008 1706 1057 assumant,
1732 1005 1821 1048 alia
1839 1003 2034 1058 mittant,

478 1072 564 1114 alia
586 1074 903 1115 commutent.“
943 1073 1094 1128 Neque
1112 1076 1206 1117 tres
1228 1074 1290 1117 illi
1311 1074 1433 1117 modi
1453 1077 1700 1118 metrorum
1719 1074 2033 1126 derivatorum,

478 1154 591 1196 quae
602 1141 883 1196 Westphalio
900 1142 1013 1185 duce
1028 1143 1254 1198 appellare
1270 1144 1597 1196 consuevimus,
1614 1143 1846 1187 doctrinae
1861 1142 2033 1199 proprii

477 1213 617 1253 erant.
677 1211 1055 1254 Commemoravit
1085 1212 1204 1255 enim
1234 1213 1419 1256 eosdem
1439 1213 1613 1256 Plotius
1633 1211 1858 1257 Sacerdos
1888 1211 2032 1256 solam

477 1280 679 1334 quamvis
709 1283 955 1323 metrorum
984 1281 1273 1337 physicorum
1303 1282 1554 1325 doctrinam
1584 1282 1840 1337 amplexus3
1875 1280 1929 1324 cf.
1959 1280 2032 1325 GL

476 1348 529 1391 VI
559 1350 656 1400 543,
691 1349 742 1392 15
779 1363 875 1404 sqq.
921 1349 988 1402 „si
1027 1350 1126 1405 quis
1170 1351 1391 1394 invenerit
1428 1351 1610 1407 aliquod
1647 1353 1839 1394 metrum
1868 1350 1915 1393 in
1941 1350 2032 1394 hoc

476 1418 590 1460 libro
637 1431 729 1460 non
774 1417 994 1474 positum,
1034 1451 1078 1461 ..
1100 1451 1110 1461 .
1142 1432 1235 1462 non
1280 1419 1505 1475 imperitia
1547 1419 1715 1463 iudicet
1763 1419 2030 1475 ignoratum.

475 1486 584 1529 Nam
623 1489 700 1529 aut
738 1487 886 1542 aliqua
930 1501 978 1530 re
1023 1488 1225 1531 detracta
1261 1492 1338 1532 aut
1373 1489 1527 1532 addita
1555 1492 1631 1532 aut
1661 1490 1936 1532 commutata
1963 1487 2032 1531 in-

475 1556 623 1599 veniet
652 1557 934 1610 figuratum“;
974 1558 1029 1600 cs.
1061 1558 1192 1600 eund.
1223 1558 1320 1610 544,
1355 1559 1420 1602 15.
1488 1558 1707 1601 Addendo
1737 1559 1782 1602 et
1811 1556 2032 1601 demendo

474 1625 766 1668 Heliodorum
797 1628 931 1681 atque
960 1627 1342 1682 Hephaestionem
1378 1626 1608 1683 ἐπιπλοκῆς
1645 1627 1897 1671 doctrinam
1926 1626 2031 1670 effe-

476 1693 591 1737 cisse
624 1695 734 1738 satis
765 1698 921 1738 notum
952 1699 1034 1747 est,
1066 1697 1146 1739 sed
1176 1696 1556 1752 Hephaestionem
1589 1697 1748 1740 saltem
1777 1695 1837 1739 ad
1862 1697 2031 1739 metro-

475 1776 570 1805 ram
607 1761 871 1820 συμπάθειαν
900 1768 976 1807 aut
1007 1762 1277 1810 ἀντιπάθειαν
1313 1766 1599 1809 indicandam
1636 1766 1773 1810 etiam
1808 1761 2032 1822 μετάθεσιν

475 1846 716 1887 usurpasse
770 1834 978 1877 homines
1031 1835 1150 1878 docti
1197 1835 1371 1879 nescire
1415 1836 1635 1879 videntur.
1708 1836 1882 1879 Tamen
1929 1833 2030 1878 vide

474 1903 610 1945 verba
641 1903 911 1946 scholiastae
940 1904 1237 1960 Hermogenis
1268 1906 1479 1961 anonymi
1509 1905 1640 1959 (rhet.
1671 1919 1735 1960 gr.
1766 1904 1839 1948 v11
1866 1917 1910 1960 p.
1931 1905 2030 1958 983,

472 1973 527 2014 26
558 1972 677 2027 sqq):

580 2036 655 2084 Ἐν
697 2042 755 2099 τῷ
798 2044 893 2099 περὶ
937 2042 1095 2100 μέτρων
1140 2045 1264 2100 φησὶν
1307 2042 1330 2086 ὃ
1369 2043 1661 2100 Ἡφαιστίωνι)
1706 2041 1767 2086 ὅτι
1813 2042 2031 2101 συγγένεια

474 2110 630 2166 γίνεται
659 2111 810 2168 μέτρου
840 2112 943 2168 πρὸς
974 2113 1122 2169 μέτρον
1151 2113 1314 2170 τριχῶς,
1335 2113 1447 2156 κατὰ
1468 2109 1696 2170 ἀφαίρεσιν,
1717 2112 1829 2156 κατὰ
1847 2111 2030 2169 πρόσθι-

473 2194 545 2234 σιν,
566 2181 707 2236 <narei
736 2179 1001 2238 μετάθεσιν)
1016 2182 1051 2238 ²)
1081 2183 1166 2226 οἶον
1196 2181 1268 2225 ἐὰν
1296 2179 1457 2240 ἀφέλῃς
1483 2182 1557 2225 τοῦ
1584 2187 1729 2240 μῆνιν
1759 2181 1902 2225 ἄειδε
1930 2179 2032 2225 θεά

473 2248 549 2303 τὴν
579 2246 747 2304 πρώτην
777 2247 1002 2307 συλλαβήν,
1032 2256 1162 2302 ποιεῖς
1191 2246 1279 2294 ἀντὶ
1309 2250 1560 2294 δακτυλικοῦ
1601 2250 1751 2308 μέτρου
1791 2249 2029 2294 ἀναπαιστι-

472 2315 565 2359 κόν·
612 2316 740 2368 οὕτως
784 2317 855 2360 οὖν
898 2320 971 2361 καὶ
1008 2318 1055 2362 τὸ
1094 2318 1255 2362 ἰωνικόν
1291 2318 1374 2363 ἀπὸ
1414 2319 1598 2377 μείζονος
1635 2319 1829 2377 συγγενὲς
1857 2319 1943 2363 ἐστι
1970 2320 2029 2377 τῷ

471 2386 683 2442 τροχαϊκῷ
713 2387 823 2429 κατὰ
855 2387 1099 2444 μετάθεσιν·
1130 2389 1203 2431 τοῦ
1232 2389 1314 2446 γὰρ
1351 2389 1514 2432 ἰωνικοῦ
1544 2385 1627 2431 ἀπὸ
1658 2389 1843 2446 μείζονος
1870 2389 1923 2432 ἐκ
1950 2403 2028 2446 μα-

471 2455 582 2509 κρῶν
626 2454 699 2497 δύο
744 2457 817 2498 καὶ
860 2455 994 2512 <δύο>
1025 2457 1232 2514 βραχειῶν
1246 2458 1279 2513 ³)
1325 2457 1459 2512 ὄντος,
1505 2457 1634 2510 ἔξεστι
1672 2457 1919 2514 ματαῦεῑναι
1954 2458 2030 2500 καὶ

470 2527 641 2579 ποιῆσαι
686 2522 920 2581 διτρόχαιον
964 2526 1015 2568 ἐκ
1059 2527 1224 2583 μακρᾶς
1273 2528 1345 2569 καὶ
1390 2527 1590 2584 βραχείας
1632 2528 1706 2569 καὶ
1749 2525 1913 2584 μακρᾶς
1955 2527 2029 2570 καὶ

590 2663 615 2708 ¹)
647 2663 767 2698 Petita
798 2664 969 2700 videntur
991 2665 1084 2700 haec
1115 2666 1229 2701 verba
1260 2677 1305 2701 ex
1335 2666 1598 2702 commentario
1635 2676 1709 2711 quo
1738 2665 1928 2710 Longinus
1956 2665 2026 2701 fle-

470 2722 699 2766 phaestionis
732 2723 973 2758 enchiridium
1005 2724 1246 2767 instruxerat3
1283 2726 1327 2760 cs.
1362 2725 1384 2759 l.
1411 2735 1440 2759 c.
1474 2736 1508 2770 p.
1533 2724 1612 2768 984,
1638 2725 1669 2759 7.
1722 2723 1911 2768 Longinus
1947 2724 2027 2770 ipse

471 2790 513 2813 ex
532 2780 709 2824 ampliore
727 2781 853 2825 aliquo
869 2781 1156 2825 Hephaestionis
1175 2793 1286 2826 opere
1311 2793 1355 2817 ea
1381 2781 1625 2827 deprompsit;
1651 2783 1688 2815 ἐν
1711 2780 1760 2825 τῷ
1789 2783 1869 2825 περὶ
1893 2783 2028 2826 μέτρων

471 2848 597 2880 parum
624 2842 791 2873 accurate
816 2839 953 2874 dictum
978 2843 1035 2874 est
1059 2843 1100 2875 ut
1124 2851 1236 2885 saepe
1261 2841 1312 2876 fit.

585 2895 614 2939 ²)
638 2896 733 2930 κατὰ
757 2897 947 2940 μετάθεσιν
973 2897 1109 2933 addidi.

587 2953 613 2997 ³)
639 2954 678 2988 In
704 2954 776 2989 alio
802 2955 929 2990 codice
957 2955 1054 2990 inest
1078 2957 1122 2990 ἐκ
1146 2958 1292 2999 μακρῶν
1322 2959 1385 2991 καὶ
1415 2956 1480 2991 δύο
1505 2957 1686 3000 βραχειῶν,
1719 2955 1757 2991 ἰιι
1786 2955 1868 2991 aliis
1892 2958 1937 2991 bt
1959 2967 2026 3000 μα·

468 3011 562 3052 κρῶν
587 3010 650 3043 δύο
674 3015 736 3045 καί
762 3015 942 3057 βραχειῶν.
