2196 3438
1226 290 1281 332 22

598 430 662 472 Ac
701 428 891 483 primum
931 426 1110 481 quidem
1149 426 1410 481 indagemus
1450 439 1634 471 necesse
1673 431 1754 482 est,
1792 442 1901 474 num
1938 429 2034 475 iure

487 499 637 542 Hense
674 498 700 540 l.
734 510 769 539 c.
800 511 842 551 p.
878 496 956 538 156
988 495 1161 539 duobus
1193 495 1304 539 locis
1336 496 1395 551 (p.
1426 496 1521 539 XIII
1550 497 1701 543 9-11
1744 501 1790 542 et
1839 498 2035 556 18—14)

486 581 512 611 a
550 566 806 611 scholiastis
847 564 1076 607 Heliodori
1121 564 1261 608 libros
1307 578 1407 608 esse
1447 565 1698 622 exscriptos
1735 566 2036 622 affirmaverit,

486 650 541 679 ne
588 636 700 678 forte
746 634 1006 689 quaestione
1051 633 1257 678 instituta
1301 634 1356 677 de
1395 634 1632 690 disciplina
1672 636 2036 693 Hephaestionea

485 708 663 760 praeter
708 703 966 758 opinionem
1013 702 1059 745 in
1103 702 1419 747 Heliodoream
1467 704 1728 749 incidamus·
1792 705 2037 762 Vestigium

488 758 716 817 Heliodori
756 771 1029 815 remansisse
1067 771 1240 827 putavit
1277 772 1429 816 Hense
1469 774 1514 816 in
1552 762 1770 819 vocabulo
1798 773 1947 834 ἴαμβος
1974 774 2039 819 ita

486 845 714 898 usurpato,
744 844 793 884 ut
822 854 978 884 versus
1009 840 1212 884 trimeter
1231 841 1449 886 iambicus
1471 842 1756 898 significetur.
1814 844 1907 890 sed
1934 844 2040 890 licet

489 915 605 955 recte
651 911 678 954 l.
725 924 760 954 c.
805 924 849 965 p.
894 910 948 952 83
980 923 1046 966 sq.
1090 911 1211 953 hunc
1256 924 1387 954 usum
1433 912 1570 956 fuisse
1607 913 1927 958 Heliodoreum
1961 913 2039 962 do-

489 979 818 1032 monstraverit,
848 982 1000 1023 tamen
1022 979 1175 1023 nescio
1197 993 1285 1035 quo
1305 983 1438 1036 pacto
1484 982 1771 1038 reliquiarum
1808 981 2041 1028 Heliodori

491 1050 624 1093 nimis
659 1049 814 1092 avidus
847 1049 1038 1093 eundem
1068 1049 1207 1093 fuisse
1238 1062 1409 1093 morem
1428 1054 1664 1106 praeterea
1683 1052 1919 1108 permultis
1940 1048 2041 1098 aliis

490 1119 782 1174 scriptoribus
816 1118 1022 1174 neglexit.
1090 1119 1156 1162 Ita
1185 1118 1352 1163 factum
1389 1122 1470 1174 est,
1507 1124 1571 1174 ut,
1611 1134 1711 1167 cum
1749 1121 1870 1166 haud
1897 1133 2041 1178 pauca

493 1189 739 1243 fragmenta
777 1188 863 1231 hoc
903 1188 1001 1231 solo
1039 1187 1206 1231 indicio
1242 1201 1351 1231 usus
1389 1188 1448 1232 ad
1475 1189 1768 1234 Heliodorum
1798 1194 2043 1245 revocaret,

492 1272 593 1301 eum
633 1257 910 1301 condonaret
949 1257 1151 1301 frustulis
1190 1257 1419 1300 nonnullis
1461 1259 1518 1302 ab
1550 1259 1645 1303 eius
1675 1259 1882 1305 doctrina
1909 1261 2043 1317 plane

492 1326 852 1371 abhorrentibus.
933 1327 991 1370 Ut
1043 1327 1163 1382 quod
1215 1326 1271 1369 de
1315 1327 1533 1371 vocabulo
1578 1327 1727 1386 ἴαμβος
1771 1328 1864 1374 dixi
1921 1342 2044 1374 com·-

491 1397 691 1452 probem,
731 1410 785 1439 ex
823 1397 945 1451 larga
982 1396 1290 1451 exemplorum
1326 1409 1476 1439 messe
1515 1397 1625 1441 haec
1655 1397 1857 1453 proferre
1883 1398 2045 1456 placet.

488 1466 619 1520 Apud
658 1465 844 1509 Critiam
882 1465 1043 1520 (Heph.
1080 1479 1122 1520 p.
1165 1465 1230 1517 11,
1267 1466 1460 1508 10-12
1490 1466 1579 1521 W.)
1609 1466 1798 1522 legimus
1843 1466 2043 1526 ἰαμβεῖον,

497 1535 575 1578 sed
620 1535 710 1578 iam
754 1534 993 1590 Dionysius
1022 1534 1413 1577 Halicarnasensis
1451 1535 1625 1588 rhetor,
1671 1548 1772 1580 cum
1810 1537 1867 1581 de
1901 1550 2046 1594 comp.

495 1604 615 1647 verb.
655 1617 690 1646 c.
731 1604 786 1646 26
823 1604 883 1659 (p.
921 1604 1006 1647 418
1044 1603 1239 1658 Schaef.)
1277 1603 1397 1646 dicat
1439 1601 1493 1646 τὰ
1530 1604 1611 1661 ἔπη
1641 1605 1715 1647 καὶ
1750 1603 1845 1657 ποὺς
1872 1603 2049 1664 ἰάμβους

494 1674 566 1715 καὶ
594 1670 646 1715 τὰ
676 1671 786 1715 ἄλλα
814 1672 867 1715 τὰ
896 1670 1106 1730 ὃμοιοειδῆ
1138 1671 1281 1730 μέτρα,
1311 1673 1368 1715 ab
1398 1673 1630 1717 Heliodori
1668 1687 1754 1718 usu
1792 1687 1887 1719 non
1915 1675 2048 1731 longe

494 1744 654 1786 abesse
698 1742 886 1785 videtur.
953 1742 1139 1785 Caesius
1177 1742 1346 1786 Bassus
1382 1742 1452 1785 GL
1491 1743 1546 1785 VI
1582 1756 1626 1798 p.
1657 1743 1754 1796 258,
1788 1744 1842 1788 18
1869 1757 2050 1788 versum

501 1812 787 1855 Phalaecium
836 1811 948 1854 dixit
993 1814 1192 1866 „partem
1242 1811 1409 1854 habere
1458 1825 1515 1855 ex
1559 1812 1721 1865 her00,
1762 1815 1946 1869 partem
1994 1827 2050 1857 ex

498 1881 688 1932 iambo“‚
719 1880 993 1935 Hephaestio
1026 1880 1162 1923 habet
1192 1879 1378 1938 ἰαμβεῖον
1407 1881 1466 1936 (p.
1498 1881 1568 1934 21,
1599 1882 1626 1924 9
1653 1881 1743 1937 W.)
1786 1882 1831 1926 et
1859 1881 2051 1941 ἰαμβικὸν

496 1951 555 2005 (p.
587 1951 626 2001 6,
659 1950 682 1993 7
715 1953 758 1992 et
788 1951 857 2004 20,
891 1950 942 1992 13
972 1949 1074 2004 W.)‚
1106 1949 1187 1992 sed
1215 1950 1302 1992 huc
1331 1949 1560 2004 pertinent
1589 1950 1685 1993 eius
1712 1951 1848 1995 verba
1872 1944 2052 1995 Ῥίνθων

498 2019 571 2074 μὲν
613 2017 695 2075 γὰρ
732 2019 806 2061 καὶ
842 2018 885 2061 ἐν
922 2016 1057 2076 ἰάμβῳ
1095 2017 1186 2061 κτλ.
1223 2032 1266 2073 p.
1305 2019 1345 2071 6,
1380 2019 1431 2062 12
1461 2019 1530 2062 W.
1589 2019 1729 2074 Magis
1769 2019 1904 2064 etiam
1933 2021 2053 2076 apud

500 2087 773 2142 posteriores
796 2087 870 2131 hic
891 2101 999 2131 usus
1021 2088 1287 2132 increbruit:
1320 2088 1374 2131 cf.
1397 2087 1619 2132 Choerob.
1641 2103 1683 2144 p.
1705 2089 1775 2142 56,
1797 2090 1863 2134 11.
1893 2089 1963 2143 63,
1987 2090 2054 2133 19.

499 2157 567 2208 65,
617 2157 680 2199 14.
731 2158 781 2199 18
826 2157 1008 2210 (lemma
1052 2160 1139 2208 est;
1184 2157 1461 2212 Hephaestio
1506 2171 1549 2212 p.
1598 2158 1663 2210 15,
1714 2159 1768 2201 10
1802 2158 1872 2202 W.
1917 2159 2055 2203 habet

501 2226 724 2283 ἰαμβικοῡ).
785 2228 854 2278 69,
878 2227 897 2269 1
924 2226 1012 2269 εἶτα
1031 2225 1144 2283 λέγει
1171 2227 1267 2283 περὶ
1294 2226 1369 2282 τῆς
1398 2227 1525 2282 ἕκτης
1552 2225 1696 2284 χώρας
1724 2230 1798 2270 τοῦ
1827 2225 1979 2286 ἰάμβου
1998 2250 2053 2260 -

499 2296 609 2338 haec
654 2308 708 2338 ex
746 2295 990 2339 Heliodoro
1035 2295 1218 2340 fluxisse
1264 2309 1396 2339 nemo
1443 2296 1755 2351 suspicabitur.
1789 2320 1843 2328 -
1873 2297 1942 2350 73,
1975 2297 2053 2347 173

500 2364 640 2420 στίχος
677 2364 825 2421 ἴαμβος
862 2368 930 2408 est
968 2366 1086 2420 apud
1126 2365 1287 2409 Choer.
1327 2380 1370 2420 p.
1411 2366 1479 2417 34,
1522 2366 1587 2409 17.
1645 2365 1713 2409 Ex
1751 2364 1936 2410 scholiis
1964 2364 2055 2410 He-

502 2434 807 2487 phaestioneis
830 2434 941 2477 haec
962 2435 1120 2478 affero:
1153 2435 1293 2478 schol.
1316 2449 1344 2476 α
1373 2434 1475 2488 (An.
1506 2447 1597 2478 var.
1619 2434 1654 2490 Ι)
1683 2448 1728 2490 p.
1761 2434 1838 2478 121
1869 2433 1928 2478 ad
1948 2433 1988 2487 7,
2009 2435 2055 2485 3;

502 2517 542 2557 p.
586 2503 662 2544 127
702 2503 759 2545 ad
796 2504 864 2554 20,
895 2504 942 2554 9;
979 2517 1021 2558 p.
1063 2504 1139 2547 131
1182 2504 1239 2546 ad
1278 2504 1346 2556 30,
1385 2504 1432 2553 3:
1470 2517 1511 2558 p.
1548 2504 1627 2546 135
1663 2503 1722 2547 ad
1758 2503 1827 2555 35,
1855 2503 1884 2546 5
1914 2502 2055 2546 schol.

501 2571 623 2627 prius
662 2571 734 2625 (cf.
775 2571 952 2615 Caesar.
993 2586 1076 2616 em.
1115 2573 1259 2627 Heph.
1295 2573 1313 2615 Ι
1349 2586 1392 2628 p.
1423 2573 1576 2628 XVH);
1606 2586 1648 2627 p.
1682 2572 1763 2615 136
1792 2570 1852 2614 ad
1880 2571 1949 2624 36,
1985 2573 2056 2623 103

502 2655 543 2695 p.
579 2640 657 2682 137
696 2639 752 2681 ad
791 2640 859 2691 39,
897 2641 926 2682 4
965 2641 1103 2683 schol.
1146 2641 1291 2696 prius;
1327 2655 1370 2696 p.
1406 2641 1486 2684 144
1515 2641 1572 2683 ad
1602 2641 1672 2692 51,
1703 2640 1730 2683 6
1775 2639 1892 2695 (ipsa
1921 2641 2058 2684 verba

503 2708 865 2763 Hephaestionea
883 2709 1291 2753 circumscribendo
1316 2709 1593 2764 redduntur).
1652 2708 1720 2752 Ex
1741 2708 1841 2752 aliis
1865 2708 2057 2764 scripto-

504 2778 624 2820 ribus
643 2778 751 2819 haec
778 2780 934 2821 notatu
950 2779 1084 2833 digna
1101 2782 1218 2822 sunt.
1278 2779 1446 2822 Tricha
1461 2778 1548 2833 (ed.
1564 2777 1799 2833 Westphal
1815 2777 1863 2820 in
1895 2778 2047 2834 script.

505 2849 630 2888 metr.
668 2859 809 2900 graec.
849 2847 932 2889 vol.
966 2848 998 2901 l)
1036 2861 1079 2902 p.
1117 2849 1213 2899 264,
1249 2848 1437 2898 23-25;
1477 2846 1774 2891 Studemundi
1802 2846 1887 2890 An.
1917 2858 2008 2891 var.
2038 2847 2058 2890 Ι

506 2929 546 2969 p.
583 2914 662 2956 154
691 2915 714 2968 ἓ
750 2914 808 2955 lb
840 2929 878 2957 v.
910 2917 935 2957 2
967 2916 1040 2969 (cf.
1070 2930 1111 2970 p.
1148 2917 1226 2959 192
1256 2916 1280 2972 g
1309 2918 1335 2959 6
1373 2930 1413 2958 v.
1448 2917 1507 2970 1);
1545 2915 1712 2959 Anecd.
1752 2913 1940 2959 Chisian
1970 2915 2057 2970 (ed.

507 2983 555 3025 G.
586 2983 900 3037 Mangelsdorf‚
933 2983 1189 3028 Carolsruh.
1241 2985 1366 3039 1876)
1411 2999 1453 3039 p.
1498 2985 1572 3036 27;
1617 2984 1714 3028 Hel.
1761 2984 1966 3028 Monach.
2011 2984 2058 3027 in
