2196 3438
797 785 924 855 Cap.
961 783 1065 841 111.
1136 784 1215 841 De
1251 783 1496 841 metricis
1531 782 1739 839 latinia

605 902 879 958 Hephaestio
924 904 1057 957 atque
1100 901 1322 945 Aristides
1367 901 1415 944 in
1460 901 1669 944 universa
1717 901 1813 943 arte
1861 898 2048 944 mettica

492 971 694 1027 quamvis
733 971 779 1014 in
818 971 1005 1027 singulis
1044 971 1178 1015 rebus
1215 971 1332 1015 inter
1369 984 1417 1014 se
1455 970 1715 1013 differentes
1753 968 1944 1013 eandem
1980 967 2047 1013 di-

492 1040 729 1095 sciplinam
751 1040 893 1083 secuti
915 1042 1032 1091 sunt,
1064 1039 1188 1083 cuius
1216 1039 1350 1082 cardo
1381 1038 1567 1082 vertitur
1598 1038 1643 1081 in
1673 1050 1836 1081 novem
1854 1036 1925 1081 vel
1945 1038 2047 1082 octo

492 1112 736 1152 metrorum
772 1108 1152 1164 prototyporum¹)
1191 1108 1285 1152 sive
1313 1106 1641 1163 physicorum²)
1671 1106 1890 1151 doctrina.
1949 1105 2042 1151 Sed

491 1179 609 1234 apud
639 1179 851 1222 metricos
882 1178 1047 1221 latinos
1077 1181 1256 1233 praeter
1295 1178 1412 1220 hanc
1443 1176 1638 1220 occurrit
1667 1176 1829 1228 altera,
1873 1187 1963 1231 qua
1989 1174 2047 1219 ab

492 1249 752 1291 hexametro
782 1247 998 1302 dactylico
1029 1250 1072 1290 et
1099 1247 1291 1290 iambico
1324 1246 1503 1290 senario
1526 1245 1734 1301 primitus
1765 1245 1883 1288 inter
1913 1257 1962 1288 se
1991 1256 2048 1288 ne

491 1317 602 1371 ipsis
648 1316 829 1372 quidem
874 1316 1104 1371 diversis-³)
1150 1318 1299 1359 cetera
1335 1318 1479 1358 metra
1514 1328 1596 1370 per
1640 1317 1788 1358 certos
1830 1312 2049 1370 quosdam

492 1385 702 1438 addendi,
733 1385 964 1435 demendi,
1011 1384 1214 1428 mutandi
1250 1384 1412 1427 modos
1449 1383 1722 1427 derivantur.
1781 1382 1903 1435 Quas
1932 1382 2051 1427 inter

492 1454 755 1509 disciplinas
793 1467 907 1509 quae
938 1454 1051 1497 ratio
1084 1453 1392 1497 intercesserit
1422 1452 1646 1507 explicare
1677 1465 1770 1495 non
1799 1450 1932 1495 huius
1962 1450 2050 1495 loci

495 1527 564 1567 est
595 1527 639 1567 et
669 1524 882 1579 quoniam
912 1537 938 1566 a
969 1523 1204 1578 proposito
1244 1524 1402 1565 nostro
1439 1521 1616 1576 longius
1654 1521 1977 1565 abduceremur
2006 1521 2051 1563 et

493 1593 704 1648 quoniam
736 1592 938 1647 quaestio
970 1592 1046 1635 illa
1076 1594 1199 1635 certo
1230 1595 1326 1635 tum
1363 1590 1542 1634 demum
1582 1588 1910 1642 diiudicabitur,
1949 1601 2049 1632 cum

492 1662 665 1706 metrici
696 1661 823 1704 latini
854 1661 994 1704 multo
1027 1661 1278 1704 accuratius
1310 1673 1442 1715 quam
1472 1659 1619 1703 adhuc
1650 1659 1817 1702 factum
1851 1660 1921 1702 est
1948 1669 2050 1713 per-

494 1730 645 1786 quisiti
684 1733 727 1773 et
766 1743 866 1772 cum
902 1730 1100 1773 metricis
1139 1729 1310 1784 graecis
1351 1729 1503 1784 eisque
1542 1727 1792 1783 praeceptis
1836 1725 2049 1778 metricis,

493 1813 606 1855 quae
636 1799 754 1853 apud
783 1799 1079 1852 Hermogenis
1120 1798 1388 1841 scholiastas
1420 1797 1588 1852 scripta
1633 1799 1756 1848 sunt,
1802 1795 2047 1852 comparati

494 1872 636 1912 erunt.
698 1868 858 1911 Paucis
896 1871 1047 1911 tamen
1083 1869 1199 1911 hanc
1230 1867 1541 1922 quaestionem
1579 1865 1882 1921 perstringere
1916 1877 1971 1908 ex
2002 1877 2049 1907 re

494 1952 594 1982 esse
642 1938 828 1981 videtur.
902 1937 1165 1992 Nuperrime
1210 1936 1331 1979 enim
1369 1935 1538 1979 Frider.
1581 1936 1672 1978 Leo
1710 1934 1878 1989 (Herm.
1914 1932 2051 1977 mv

493 2007 753 2062 280—301)
794 2020 892 2050 eam
932 2006 1203 2058 doctrinam,
1249 2019 1382 2060 quam
1427 2005 1723 2054 Philoxenus,
1766 2002 2050 2054 Heliodorus,

493 2075 782 2130 HephaestiO,
814 2074 1037 2117 Aristides
1069 2074 1264 2129 amplexi
1296 2077 1413 2125 sunt,
1444 2074 1585 2116 altero
1610 2086 1648 2115 a.
1672 2072 1775 2116 Chr.
1796 2084 1841 2114 n.
1872 2070 2050 2115 saeculo

496 2145 676 2188 ineunte
706 2158 734 2187 a
762 2143 1065 2199 grammaticis
1095 2142 1413 2186 Alexandrinis
1450 2141 1678 2184 conditam
1715 2154 1829 2193 esse,
1867 2139 2050 2184 alterius

495 2229 521 2257 a
552 2214 765 2265 Varrone,
801 2212 1168 2263 Ps.-Censorino,
1201 2212 1359 2255 Caesio
1391 2211 1548 2263 Basso,
1587 2209 1861 2254 Terentiano
1897 2208 2050 2252 Mauro

493 2283 709 2337 probatae
756 2282 1047 2325 fundamenta
1092 2282 1207 2324 iacta
1252 2294 1351 2323 esse
1391 2280 1568 2323 saeculo
1607 2292 1646 2322 a.
1683 2279 1788 2322 Chr.
1826 2291 1870 2321 n.
1908 2277 2051 2321 altero

494 2352 585 2395 fere
616 2351 763 2394 medio
795 2366 822 2394 a
851 2351 1141 2407 Pergamenis
1174 2350 1485 2393 demonstrare
1518 2348 1699 2392 studuit.
1765 2348 1825 2391 At
1857 2346 2051 2402 primum

494 2420 671 2475 quidem
702 2420 887 2464 minime
918 2434 971 2463 ea
1001 2421 1263 2475 argumenta
1294 2418 1512 2470 refutavit,
1553 2418 1713 2474 quibus
1744 2414 2050 2472 Westphalius

493 2489 667 2541 (Meti-ik
702 2488 750 2531 1²
785 2504 828 2544 p.
864 2490 938 2532 111
984 2503 1080 2544 sqq.
1120 2492 1164 2532 et
1195 2488 1276 2531 168
1307 2487 1422 2542 sqq.)
1468 2486 1720 2530 Schultzius
1758 2485 1835 2528 alii
1871 2483 2051 2528 adducti

495 2561 612 2610 sunt,
643 2561 690 2601 ut
725 2558 976 2601 doctrinam
1015 2572 1148 2614 quam
1188 2557 1334 2600 dicam
1370 2556 1696 2599 Varronianam
1735 2556 1882 2598 aetate
1920 2565 2052 2608 supe-

494 2627 657 2670 riorem
689 2641 789 2670 esse
820 2629 1071 2670 censerent.
1132 2627 1230 2679 Qua
1267 2627 1312 2669 in
1351 2626 1558 2668 doctrina
1595 2627 1768 2668 tantum
1807 2623 1958 2674 abest,
2002 2624 2052 2664 ut

612 2776 636 2820 ¹)
663 2777 707 2811 cf.
733 2777 841 2812 Arist.
866 2788 900 2822 p.
926 2778 982 2818 32,
1011 2777 1063 2811 16.

608 2833 638 2878 ²)
664 2835 708 2869 cf.
734 2835 977 2879 Hermogenis
1004 2834 1195 2870 seholiast.
1221 2835 1257 2869 in
1283 2835 1374 2870 rhet.
1402 2845 1453 2877 gr.
1478 2832 1550 2877 (W)
1574 2831 1638 2867 vn
1654 2831 1792 2871 936,26
1811 2845 1854 2862 =
1871 2829 1997 2871 V473.
2012 2829 2051 2870 7;

494 2894 538 2927 cf.
566 2892 610 2927 vl
634 2893 714 2935 488,
739 2895 795 2929 31.

611 2957 637 3002 ι)
663 2959 707 2993 cf.
732 2957 915 2993 Heraclid.
949 2957 1087 2992 Pontic.
1125 2956 1222 3001 apud
1259 2955 1391 2991 Athen.
1424 2955 1487 2990 XV
1512 2954 1576 2989 701
1611 2952 1810 2999 (Kiessling
1846 2951 1936 2998 phil.
1966 2949 2050 2986 Unt.

494 3015 566 3051 vol.
583 3016 615 3051 11
639 3027 673 3061 p.
692 3015 767 3060 65);
793 3015 940 3051 Terent.
964 3015 1077 3050 Maur.
1100 3014 1297 3054 1580-95;
1323 3013 1499 3049 Thacom.
1517 3012 1615 3058 apud
1628 3011 1719 3046 Vict.
1744 3021 1779 3056 p.
1794 3009 1932 3052 146,Ξᾶ
1946 3008 2051 3045 alias.
