2196 3438
973 314 1052 359 125

224 450 607 509 *runnu-m»
612 452 778 510 quibus
813 454 889 499 fixi
929 459 1114 499 manent
1150 454 1189 498 οἱ
1216 453 1518 513 παριεχόμενοι,
1557 455 1786 500 variantur

221 519 567 579 ὒι-Ρύχσνπς·

325 589 577 650 Διλυμένον
620 593 900 637 sollemniter
948 606 1205 637 sermonem
1255 594 1629 650 dithyrambicum
1678 595 1787 638 dicit

221 657 414 705 ”enlm
462 662 627 706 chrest.
669 675 714 717 p.
757 662 866 715 245,
909 662 938 705 9
983 676 1080 718 sqq.
1129 663 1216 718 (ed.
1263 663 1496 718 Westphal
1542 663 1588 706 in
1633 664 1784 718 script.

219 730 611 786 m.ssraee.1)
653 729 808 787 Φρῦνις
842 730 891 774 δὲ
927 729 952 773 ὁ
987 730 1263 788 Μυτιληναῖος
1302 729 1625 789 ἐκαινοτόμηοεν
1662 729 1786 774 αὐτόν

220 796 313 855 (ιι
346 796 421 844 dv
458 796 623 857 νόμου·
671 798 721 843 ω’
762 813 810 844 τε
850 799 934 857 γὰρ
983 800 1207 858 ἕξαιιετρον
1257 801 1316 858 τῷ
1353 801 1565 859 λελυμένῳ
1611 801 1783 857 συνῆψε·

222 865 326 920 Qu
341 868 403 913 nh
422 871 608 912 auctore
627 869 776 924 primo
806 869 918 912 haec
942 869 1188 924 repetenda
1211 870 1315 922 sint,
1341 871 1462 926 quod
1484 870 1637 922 sciam,
1659 870 1785 924 igno-

220 938 378 985 Q:
406 937 573 983 Verum
594 937 924 994 antiquissimis
949 941 999 982 ut
1027 939 1074 981 in
1104 938 1176 982 his
1207 940 1341 982 rebus
1373 940 1652 994 temporibus
1683 951 1783 982 eum

222 1002 366 1052 filine
393 1006 583 1051 efficitur
611 1019 667 1051 ex
695 1007 930 1050 enuntiato
960 1007 1271 1063 subsequenti:
1302 1004 1511 1064 Τιμόθεος
1539 1007 1587 1050 δὲ
1616 1006 1785 1063 ὕστερον

218 1073 495 1132 ἡμὴ-νῦν
522 1073 648 1119 αὐυὸν
674 1074 816 1133 ἤγαγε
836 1074 968 1128 -τοίξιν,
1027 1076 1151 1119 Idem
1180 1076 1287 1127 fere,
1319 1077 1439 1132 quod
1469 1076 1542 1119 hic
1568 1077 1782 1132 Phrynidi

217 1142 444 1198 mr,
472 1145 714 1191 Timotheo
750 1145 950 1189 vindicat
977 1145 1239 1189 Heraclides
1277 1146 1513 1197 Ponticus,
1554 1146 1629 1201 qui
1666 1147 1783 1202 apud

213 1210 433 1265 l’fl-efflut-
462 1214 520 1258 de
548 1228 664 1259 mus.
692 1215 723 1258 4-
750 1228 793 1270 p.
825 1215 864 1267 7,
898 1215 949 1258 12
989 1215 1077 1269 (ed.
1110 1215 1301 1270 Volkm.)
1331 1216 1443 1258 haec
1478 1216 1607 1260 dicit:
1637 1215 1699 1259 ὅτι
1736 1216 1783 1259 δὲ

210 1280 566 1345 ᾐαῄιρφδικοὶ
598 1281 716 1342 νόμοι
755 1283 797 1327 οἱ
835 1283 1008 1327 παλαιοὶ
1052 1283 1096 1336 ἐξ
1133 1284 1243 1327 ἐπῶν
1280 1284 1531 1339 συνίσταντο,
1576 1282 1783 1341 Τιμόθεος

216 1348 423 1409 m·
450 1352 546 1405 τοὺς
569 1353 671 1410 γοῦν
699 1350 888 1410 πρώτους
914 1350 1066 1411 νόμους
1094 1353 1138 1396 ἐν
1165 1353 1283 1396 ἔπεσι
1309 1353 1555 1411 διαμιγνύων
1580 1354 1782 1411 διθυραμ-

218 1419 469 1479 mne&
486 1420 589 1479 ᾔδιν
618 1421 711 1466 κτλ.
759 1421 963 1466 Eandem
984 1421 1093 1474 λέξιν
1114 1421 1421 1479 διθυραμβικήν
1447 1437 1491 1478 p.
1521 1424 1561 1475 6,
1586 1424 1637 1466 12
1660 1423 1782 1475 dicit,

218 1502 323 1541 cnm
348 1493 551 1536 veterum
578 1494 816 1547 poetarum
844 1491 966 1535 velut
984 1491 1255 1546 Amphionis
1283 1491 1383 1534 Lini
1405 1495 1655 1535 ceterorum
1675 1491 1782 1543 λέξιν

217 1555 282 1610 αἱ,
306 1557 538 1617 λολυμένην
581 1559 683 1603 εἶναι
720 1593 731 1603 .
763 1593 775 1604 .
805 1593 816 1603 .
854 1561 928 1603 καὶ
957 1559 1104 1617 μέτρον
1138 1555 1218 1602 οὐκ
1255 1561 1437 1616 ἔχουσαν
1475 1562 1628 1613 docet,
1666 1575 1780 1616 quae

216 1628 683 1686 mhnrwestphalius
707 1630 736 1673 l.
757 1643 795 1673 c.
817 1644 861 1685 p.
882 1630 939 1672 36
960 1643 1120 1685 pamm
1148 1633 1251 1685 apte
1275 1630 1330 1672 de
1354 1630 1560 1674 oratione
1580 1631 1779 1686 pedestri

217 1697 541 1755 ἣξει-[1181111113
569 1701 652 1743 est.
711 1699 825 1743 Nam
855 1702 906 1742 ut
935 1699 1188 1743 orationem
1219 1700 1475 1754 pedestrem
1514 1700 1681 1743 diserte
1711 1714 1780 1743 re·

217 1763 380 1821 marg
405 1780 464 1812 ne
491 1767 594 1823 plus
623 1767 785 1820 dicam,
815 1768 1058 1811 molestum
1096 1771 1213 1819 erat,
1252 1768 1313 1811 ita
1352 1771 1510 1811 contra
1547 1769 1778 1823 antiquum

216 1848 393 1886 morem
419 1836 618 1882 heroicis
647 1837 854 1880 versibus
892 1838 1092 1881 vinctum
1131 1851 1348 1880 novorum
1387 1837 1621 1881 hominum
1659 1851 1779 1881 som-

218 1904 308 1950 niis
349 1905 519 1951 iustum
563 1920 800 1950 numerum
850 1907 1179 1962 neglegentium
1233 1906 1399 1963 (μέτρον
1442 1905 1521 1949 οὐκ
1565 1907 1777 1963 ἔχουσαν),

215 1973 277 2019 de
300 1975 463 2031 quibus
491 1975 626 2031 paulo
658 1976 776 2020 infra
810 1976 1011 2020 dicturus
1042 1979 1151 2028 erat,
1183 1976 1406 2031 opposuit.
1474 1977 1543 2019 Ab
1579 1976 1650 2018 his
1682 1989 1775 2018 non

215 2043 347 2100 longe
384 2044 556 2089 recedit
588 2045 769 2101 ignotus
816 2045 977 2089 scholii
1022 2046 1134 2099 (RV)
1179 2045 1237 2088 ad
1273 2045 1502 2099 Aristoph.
1541 2058 1633 2087 ran.
1668 2046 1777 2088 1309

214 2116 394 2167 unctor,
438 2115 515 2171 qui
550 2115 609 2159 ad
645 2129 748 2160 eum
782 2130 982 2168 versum,
1028 2130 1055 2159 a
1092 2129 1179 2170 quo
1216 2115 1424 2170 Aeschyli
1460 2114 1682 2157 canticum
1719 2114 1777 2157 ad

215 2181 443 2240 Euripidis
481 2183 588 2242 μέλη
626 2186 904 2230 traducenda
942 2186 1016 2240 (cf.
1047 2198 1142 2228 ran.
1179 2186 1304 2238 1330)
1341 2185 1565 2239 prolatum
1601 2183 1776 2226 initium

215 2251 351 2308 capit,
374 2252 487 2297 haec
505 2253 716 2298 adnotat:
744 2253 1050 2311 χαρακτηρίζει
1078 2252 1130 2295 τοὶ
1149 2252 1373 2307 Εὐριπίδου
1398 2251 1504 2309 μέλη
1528 2250 1584 2303 ώς
1607 2251 1775 2294 ἐκλελυ-

203 2318 333 2378 ‚W
388 2321 521 2366 Haud
549 2323 645 2366 scio
680 2336 740 2366 an
777 2324 889 2367 haec
926 2323 1164 2374 vocabula,
1204 2335 1316 2377 quae
1355 2322 1466 2364 alias
1506 2321 1565 2364 ad
1604 2335 1776 2365 sermo-

214 2402 318 2436 nem
354 2390 611 2447 pedestrem
653 2392 901 2447 pertinent,
947 2393 1003 2435 de
1041 2391 1334 2446 dithyrambis
1371 2394 1584 2445 usurpata
1613 2391 1775 2433 cohae-

212 2461 344 2504 reant
386 2471 488 2504 cum
532 2461 706 2505 illorum
744 2462 990 2513 sententia,
1030 2461 1104 2516 qui
1135 2460 1255 2503 velut
1292 2460 1632 2514 Theophrastus
1664 2460 1772 2514 (Cic.

213 2527 271 2573 de
306 2541 373 2573 or.
409 2529 464 2574 111
495 2530 568 2583 48,
609 2531 708 2586 185)
748 2531 1134 2586 dithyramborum
1171 2529 1350 2572 dicendi
1391 2542 1531 2583 genus
1569 2528 1774 2584 proxime

211 2597 374 2642 abesse
402 2611 430 2641 a
459 2599 607 2643 soluta
636 2600 841 2643 oratione
872 2599 1295 2643 animadverterunt.
1351 2598 1641 2653 Antiquiores
1671 2611 1772 2641 esse

212 2665 470 2710 huiusmodi
497 2667 747 2712 locutiones
778 2672 899 2711 certo
930 2667 1041 2710 artis
1073 2667 1289 2709 vocabulo
1321 2664 1622 2723 ἀπολελυμένα,
1654 2666 1773 2722 quod

212 2734 439 2780 inferioris
478 2737 638 2782 aetatis
684 2737 913 2780 dividendi
957 2736 1109 2779 omnia
1154 2739 1198 2778 et
1243 2736 1287 2778 in
1334 2735 1503 2778 classes
1541 2735 1771 2790 digerendi

212 2804 410 2850 studium
441 2805 572 2861 sapit,
602 2806 746 2863 quivis
779 2806 911 2855 videt,
950 2806 1029 2848 sed
1059 2805 1116 2848 ad
1149 2805 1233 2847 hoc
1265 2804 1550 2859 potissimum
1582 2804 1772 2859 seligen-

211 2872 319 2919 dum
348 2874 556 2919 nonnihil
586 2876 780 2919 valuisse
810 2874 1029 2918 videntur.

324 2943 611 2988 Grammatici
643 2943 934 2987 Alexandrini
967 2957 1065 2986 cum
1100 2943 1365 2987 immensam
1396 2943 1627 2987 nominum
1659 2944 1771 2987 mul-

210 3011 447 3056 titudinem
491 3014 865 3067 philosophorum
910 3012 1193 3066 potissimum
1240 3013 1488 3067 categorias
1536 3013 1672 3055 secuti
1726 3013 1769 3055 in
