2196 3438
558 806 682 876 Cap.
717 806 793 860 H.
873 806 944 861 De
980 804 1242 860 Aristidis
1277 802 1610 874 Quintiliani
1641 802 1908 859 doctrina.

568 924 625 966 Ut
654 923 928 978 Hephaestio
960 923 1164 966 ultimum
1204 921 1436 966 enchiridii
1477 923 1609 977 caput
1649 921 1881 966 doctrinae
1918 921 2013 977 mpl-

455 990 684 1049 ποιήματος
714 993 882 1043 tribuit,
915 993 975 1035 ita
1004 991 1227 1036 Aristides
1257 992 1325 1035 vel
1357 991 1505 1046 potius
1537 991 1590 1042 is,
1623 1004 1678 1034 ex
1713 1003 1802 1046 quo
1839 989 1915 1046 τῆς
1942 1002 2014 1047 μι-

454 1061 597 1116 τρικῆς
633 1062 966 1104 enarrationem
1001 1061 1198 1111 deduxit,
1230 1074 1329 1104 cum
1361 1074 1462 1103 eum
1499 1062 1760 1115 sequeretur
1794 1058 2015 1112 ordinem,

455 1133 505 1173 ut
535 1130 591 1172 ab
625 1131 858 1173 elementis
889 1130 1115 1186 profectus
1146 1130 1203 1173 ad
1232 1129 1285 1172 τά
1314 1129 1364 1172 ἐκ
1385 1128 1539 1172 τούτων
1558 1127 1830 1185 συνιστάμενα
1846 1140 2015 1173 -ascen-

457 1200 582 1242 deret
613 1202 656 1242 et
687 1200 752 1242 sic
784 1199 996 1255 deinceps
1027 1199 1383 1254 progrederetur,
1412 1199 1616 1242 ultimam
1654 1198 1765 1242 artis
1802 1197 2016 1243 metricae

454 1271 631 1323 partem
672 1282 772 1311 esse
815 1268 956 1312 voluit
999 1269 1254 1311 doctrinam
1297 1268 1391 1324 περὶ
1435 1264 1666 1324 ποιήματος
1708 1265 1812 1323 πρὸς
1854 1265 2018 1320 ἔνδειξιν

456 1341 528 1379 τοῦ
558 1341 719 1380 σκοποῦ
748 1341 822 1393 τῆς
853 1336 1049 1394 μετρικῆς
1077 1338 1137 1392 (p.
1168 1338 1237 1390 28,
1267 1339 1354 1392 20).
1410 1336 1690 1392 Disponendi
1719 1336 1853 1391 igitur
1881 1335 2020 1381 ratio-

456 1420 559 1449 nem
598 1408 654 1449 ab
690 1407 1045 1462 Hephaestione,
1094 1420 1195 1450 cum
1244 1420 1272 1449 a
1310 1407 1443 1449 certis
1485 1405 1755 1461 syllabarum
1794 1405 2018 1450 mensuris

460 1476 635 1518 initium
668 1479 847 1531 caperet
877 1476 949 1530 (cf.
983 1476 1206 1519 Choerob.
1244 1490 1287 1531 p.
1319 1476 1388 1528 37,
1430 1475 1644 1531 12—17)‚
1681 1474 1910 1531 aliquanto
1939 1473 2019 1519 ob·

458 1548 682 1588 scuratam
711 1546 784 1588 hic
816 1546 1035 1600 integram
1064 1559 1092 1588 a
1119 1545 1342 1600 principio
1372 1559 1514 1601 usque
1552 1545 1611 1588 ad
1648 1544 1783 1588 finem
1813 1544 2019 1589 servavit.

456 1614 599 1669 Atque
638 1613 757 1656 idem
787 1627 887 1657 cum
927 1614 1092 1657 diserte
1130 1614 1367 1669 explicare,
1400 1627 1478 1657 cur
1506 1617 1750 1669 praecepta
1775 1613 1871 1670 περὶ
1898 1610 2020 1669 ποιή-

459 1696 587 1738 ματος
625 1685 896 1734 assumeret,
937 1695 1029 1725 non
1067 1695 1449 1737 supervacaneum
1488 1696 1590 1725 esse
1628 1684 1854 1735 censeret,
1898 1679 2020 1727 haud

460 1751 553 1794 scio
584 1765 642 1794 an
674 1751 866 1806 cuipiam
897 1765 989 1794 non
1021 1751 1119 1794 sine
1149 1751 1480 1806 probabilitatis
1512 1750 1660 1806 specie
1697 1750 1902 1795 videatur
1937 1749 2020 1795 has

462 1820 656 1875 quinque
686 1820 761 1876 τῆς
791 1823 986 1877 μετρικῆς
1013 1823 1166 1875 partes
1196 1820 1266 1863 vel
1295 1820 1466 1875 primus
1497 1820 1567 1863 vel
1598 1819 1759 1863 saltem
1789 1818 1837 1862 in
1860 1818 2019 1874 primis

459 1888 803 1945 constituisse.¹)
870 1890 1034 1932 Verum
1079 1902 1135 1932 ne
1181 1889 1228 1932 in
1272 1889 1538 1932 temeritatis
1588 1888 1760 1932 crimen
1807 1886 2019 1940 incidam,

459 1958 543 2000 hac
573 1958 786 2012 opinione
818 1958 1064 2013 significata
1093 1959 1151 2001 ad
1181 1958 1280 2013 ipsa
1309 1958 1404 2001 eius
1434 1960 1675 2013 praecepta
1703 1955 2020 2012 perlustranda

461 2027 706 2082 aggrediar.
765 2027 992 2082 Leguntur
1020 2041 1063 2083 p.
1095 2028 1164 2079 37,
1195 2027 1338 2070 6-10
1366 2027 1497 2070 haec:

574 2095 599 2151 ξ
634 2098 670 2139 1.
737 2095 796 2138 Τὸ
843 2094 884 2138 δ’
929 2096 979 2138 ἐκ
1023 2100 1103 2139 τῶν
1147 2095 1304 2153 μέτρων
1350 2094 1550 2152 εὐπρεπὲς
1594 2092 1784 2152 σύστημα
1832 2093 2022 2138 καλεῖται

459 2164 633 2221 ποίημα.

573 2233 597 2288 ξ
625 2234 666 2276 2.
726 2231 894 2276 Τούτων
925 2233 972 2276 δὲ
1000 2233 1053 2276 τὰ
1083 2234 1157 2290 μὲν
1185 2233 1339 2287 γίνεται
1365 2232 1476 2276 κατὰ
1495 2233 1649 2290 στίχον,
1678 2231 1734 2284 ὥς
1753 2231 1807 2276 τὰ
1820 2229 2021 2290 Ὁμήρου,

461 2300 513 2343 τοὶ
544 2302 591 2344 δὲ
621 2302 671 2344 ἐκ
702 2299 775 2344 δύο
807 2301 977 2359 μέτρων,
1009 2300 1064 2353 ὥς
1091 2300 1145 2344 τοὶ
1174 2301 1354 2358 ἐλεγεῖα,
1393 2300 1445 2344 τὰ
1475 2301 1522 2344 δὲ
1563 2301 1613 2344 ἐκ
1648 2305 1789 2358 τριῶν,
1833 2299 1899 2353 ὥς.
1922 2299 2022 2344 ὅταν

463 2370 631 2426 ἐλεγείῳ
661 2371 870 2428 προστιθῇ
901 2386 959 2423 τις
989 2371 1174 2429 ἰαμβεῖον
1204 2370 1234 2428 ἤ
1265 2371 1370 2414 ἄλλο
1401 2386 1450 2424 τι,
1481 2370 1533 2414 τὰ
1563 2369 1605 2413 δ’
1637 2371 1688 2413 ἐκ
1716 2369 1928 2415 πλειόνων.

578 2440 905 2484 Discernuntur
935 2441 1068 2495 igitur
1097 2442 1216 2496 apud
1245 2442 1490 2485 Aristidem
1528 2443 1737 2495 quattuor
1774 2439 2022 2484 carminum

462 2522 638 2562 genera,
670 2522 769 2552 cum
808 2510 896 2552 alia
934 2513 1143 2553 constent
1181 2523 1236 2553 ex
1278 2510 1462 2565 singulis
1498 2510 1703 2553 versibus
1735 2508 2021 2561 continuatis,

463 2577 551 2619 alia
581 2591 635 2619 ex
666 2578 799 2630 binis,
836 2579 924 2621 alia
962 2592 1016 2622 ex
1045 2580 1202 2631 ternis,
1233 2579 1320 2622 alia
1346 2593 1401 2622 ex
1423 2579 1738 2634 compluribus.
1786 2578 2022 2622 Postremo

464 2646 562 2687 loco
607 2647 757 2700 posita
801 2661 901 2690 esse
948 2648 1147 2691 carmina
1183 2646 1294 2690 κατὰ
1331 2647 1522 2704 περίοδον
1562 2661 1693 2691 nemo
1725 2660 1819 2690 non
1846 2646 2022 2702 videt,²)

584 2784 607 2829 ¹)
633 2785 766 2820 Parum
791 2790 960 2821 accurate
985 2787 1189 2832 Westphal.
1215 2787 1343 2823 Metrik
1366 2787 1408 2822 1·
1431 2799 1465 2833 p.
1491 2787 1560 2823 229
1584 2787 1653 2822 has
1679 2786 1882 2831 categorias
1907 2786 2021 2822 fuisse

466 2840 680 2886 disciplinae
701 2842 948 2879 Heliodoreae
968 2848 1079 2890 atque
1095 2845 1419 2890 Hephaestioneae
1436 2845 1542 2887 dixit;
1568 2845 1613 2881 ef.
1633 2845 1787 2890 Longin.
1807 2856 1842 2890 p.
1855 2844 1872 2880 1
1886 2844 2022 2880 12-15

465 2898 516 2943 (in
540 2899 654 2934 schol.
680 2900 798 2944 Heph.
823 2900 864 2945 β).
913 2901 990 2936 Iam
1015 2901 1182 2937 Platonis
1207 2906 1327 2938 aetate
1352 2902 1547 2948 rhythmici
1572 2902 1782 2937 scholarum
1805 2901 2023 2947 principium

467 2957 513 2990 ab
538 2957 804 2992 elementorum
830 2959 1075 3003 explicatione
1101 2961 1234 2996 ducere
1259 2961 1359 2996 soliti
1384 2963 1469 2996 sunt
1494 2960 1600 3006 (Plat.
1626 2960 1755 3005 Cratyl.
1779 2959 1906 3006 mc).

580 3014 609 3059 ²)
635 3015 862 3051 Vocabulum
887 3020 1062 3061 περίοδος,
1082 3029 1156 3053 non
1174 3019 1335 3064 σύστημα
1351 3019 1502 3055 Aristidi
1519 3019 1557 3054 in
1574 3029 1643 3054 usu
1661 3018 1775 3054 fuisse
1792 3018 1901 3054 docui
1917 3029 1952 3064 p.
1964 3018 2022 3054 4⁴2.
