2196 3438
1203 319 1284 365 116

456 477 556 507 esse
589 462 821 508 Claudium
857 462 1184 514 Ptolemaeum,
1223 461 1521 506 clarissimum
1558 459 1695 506 Marci
1730 459 2013 518 imperatoris

455 533 699 589 aequalem,
732 545 811 575 suo
844 532 939 575 iure
969 531 1222 583 contendit,
1261 535 1306 575 et
1342 531 1399 574 ab
1438 544 1493 574 eo
1529 533 1671 575 totam
1708 531 1765 575 de
1800 531 2015 587 strophae

455 602 766 657 antistrophae
797 601 929 656 epodi
959 601 1327 656 pronuntiatione
1366 604 1410 644 et
1447 600 1815 645 denominatione
1848 600 2015 645 doctri-

455 685 559 714 nam
620 670 839 725 originem
892 670 1076 713 duxisse
1129 670 1442 713 demonstrare
1495 669 1677 713 studuit.
1751 669 2014 726 Complures

457 741 616 796 quibus
648 740 854 782 doctrina
884 739 960 782 illa
989 739 1180 783 traditur
1209 740 1334 783 locos
1365 739 1455 783 iam
1486 739 1671 783 Crusius
1706 738 1897 795 collegit,
1932 738 2017 783 ud

455 809 649 852 addendi
689 812 794 851 sunt
831 808 1026 863 primum
1068 808 1275 852 nonnulli
1319 808 1407 852 loci
1449 808 1524 863 qui
1562 807 1681 863 apud
1718 806 2015 863 Hermogeni·

456 878 723 922 scholiastas
770 877 1167 932 deprehenduntur
1211 878 1259 921 in
1303 878 1415 921 rhet.
1462 890 1525 932 gr.
1563 877 1637 920 VII
1677 877 1783 921 1031
1831 875 1936 920 adn.
1970 877 2016 921 et

456 949 490 990 V
520 949 606 990 510
634 947 737 990 adn.
778 965 830 982 =
871 946 1013 989 schol.
1042 946 1188 1001 Heph.
1227 945 1251 1003 β
1292 946 1360 989 ed.
1398 946 1707 990 Hoerschelm.
1745 958 1789 1000 p.
1818 945 1877 990 30
1910 944 2014 989 adn.

456 1017 656 1060 Eandem
703 1015 1037 1059 enarrationem
1090 1015 1292 1070 quamvis
1346 1015 1476 1058 foede
1527 1017 1781 1058 truncatam
1833 1013 2017 1059 exhibet

454 1086 566 1129 Max.
604 1085 828 1128 Planudes
873 1085 910 1127 V
955 1086 1052 1137 510,
1097 1086 1124 1128 2
1163 1099 1281 1140 sqq.;
1327 1085 1381 1127 cf.
1423 1084 1558 1128 etiam
1595 1085 1651 1127 Vl
1691 1084 1786 1137 128,
1820 1083 1872 1127 12
1902 1096 2015 1140 sqq„

456 1155 525 1198 v11
559 1155 668 1197 1032
699 1158 744 1198 et
773 1156 856 1198 822
886 1154 1011 1205 adn.;
1045 1155 1077 1196 V
1106 1155 1205 1207 428,
1226 1155 1253 1197 9
1284 1168 1402 1210 sqq.;
1434 1154 1506 1197 VII
1535 1154 1632 1206 820,
1658 1155 1676 1197 1
1712 1166 1809 1209 sqq.
1859 1151 2015 1198 Simile

455 1225 561 1279 quid
591 1225 732 1267 habes
764 1224 899 1267 etiam
929 1223 1047 1278 apud
1076 1223 1328 1278 Longinum
1358 1223 1405 1266 in
1435 1223 1522 1266 vol.
1553 1223 1612 1266 IX
1641 1237 1683 1278 p.
1714 1222 1812 1275 566,
1836 1222 1887 1267 17
1917 1235 2015 1279 sqq.

453 1297 586 1349 atque
626 1293 911 1344 Eustathius,
950 1293 1026 1348 qui
1065 1292 1112 1334 in
1150 1305 1349 1347 prooem.
1389 1305 1550 1335 comm.
1586 1291 1717 1335 Pind.
1761 1291 1850 1347 (ed.
1884 1291 1935 1336 F.
1963 1291 2016 1336 G.

453 1362 783 1414 Schneidewin,
805 1362 999 1416 Gotting.
1025 1362 1152 1416 1837)
1182 1375 1224 1416 p.
1245 1361 1300 1404 27
1323 1375 1390 1416 sq.
1420 1361 1539 1404 hanc
1569 1374 1663 1404 rem
1692 1360 1853 1416 attigit,
1882 1372 2015 1404 aecu-

457 1435 552 1475 rate
591 1432 646 1474 de
692 1445 746 1474 ea
784 1431 930 1485 egisse
967 1429 1062 1481 τούς
1098 1434 1172 1486 τῆς
1210 1429 1436 1486 ῥητορικῆς
1469 1429 1621 1487 τέχνης
1655 1424 2019 1487 ὑπομνημαπάς

455 1502 621 1544 diserte
659 1501 889 1556 professus
926 1503 1007 1543 est.
1074 1499 1277 1543 Breviter
1314 1513 1409 1543 rem
1443 1499 1723 1554 perstrinxit,
1759 1498 1823 1543 ita
1850 1501 2016 1551 tamen,

454 1574 502 1613 ut
555 1584 730 1614 summa
777 1583 878 1613 cum
923 1569 1142 1613 Victorini
1191 1569 1341 1612 verbis
1379 1583 1422 1624 p.
1470 1570 1546 1621 58,
1591 1570 1692 1611 8-
1711 1569 1762 1612 13
1808 1568 2016 1624 cognatio

457 1640 682 1683 neminem
714 1640 864 1694 fugiat,
897 1639 1146 1682 Euanthius
1178 1639 1226 1681 in
1248 1651 1409 1681 comm.
1431 1638 1487 1682 de
1509 1638 1712 1682 comoed.
1733 1638 1803 1682 ed.
1822 1638 2015 1683 Reiffer—

455 1709 611 1751 scheid
659 1709 724 1763 (in
769 1708 859 1751 ind.
906 1709 1005 1751 lect.
1053 1708 1143 1750 hib.
1190 1707 1364 1752 Vratisl.
1414 1708 1580 1762 1874s5)
1622 1721 1665 1763 p.
1709 1708 1758 1760 4,
1806 1707 2015 1751 13-15.

454 1778 654 1821 Isaacum
691 1778 902 1821 Tzetzam
939 1778 1003 1831 (in
1045 1778 1192 1820 Cram.
1228 1777 1304 1820 ΑΡ
1342 1777 1359 1819 I
1396 1790 1438 1831 p.
1469 1777 1537 1828 66,
1570 1777 1594 1820 7
1627 1778 1743 1832 sqq.)
1772 1777 1864 1821 iam
1893 1789 2016 1820 com-

454 1847 711 1891 memoravi.
787 1847 854 1890 Ex
906 1846 1017 1890 locis
1070 1861 1098 1890 a
1147 1845 1304 1890 Crusio
1357 1846 1506 1889 allatis
1559 1846 1725 1890 nullius
1769 1850 1840 1890 est
1882 1846 2015 1901 pretii

455 1917 595 1960 schol.
634 1916 960 1960 Triclinianum
997 1916 1056 1959 ad
1094 1916 1195 1959 Eur.
1233 1916 1340 1959 Hec.
1379 1916 1477 1968 647,
1517 1915 1638 1971 quod
1673 1915 1864 1959 recurrit
1897 1915 2017 1971 apud

455 1986 647 2028 eundem
692 1986 955 2041 Triclinium
1009 1986 1055 2028 in
1107 1985 1247 2028 schol.
1301 1985 1359 2028 ad
1412 1985 1551 2040 Soph.
1604 1986 1672 2028 Ai.
1715 1999 1756 2029 v.
1803 1985 1886 2028 194
1928 1983 2016 2038 (ed.

455 2056 714 2106 TurnebuS,
760 2055 901 2098 Paris.
943 2055 1073 2107 1553,
1113 2069 1156 2109 p.
1202 2055 1242 2106 5,
1287 2055 1314 2097 5
1360 2055 1489 2110 sqq.).
1572 2054 1904 2098 secludendum
1949 2057 2019 2097 est

455 2138 480 2166 a
517 2124 763 2167 Ptolemaei
810 2124 1060 2167 eruditione
1107 2124 1247 2166 schol.
1285 2123 1515 2178 Aristoph.
1557 2124 1670 2167 Nub.
1707 2124 1813 2176 563,
1850 2123 1898 2166 in
1928 2135 2017 2179 quo

457 2193 715 2246 scholiasta,
746 2194 802 2236 ab
834 2194 1102 2249 etymologia
1132 2207 1266 2248 quam
1297 2193 1451 2236 dicunt
1480 2194 1723 2248 profectus,
1753 2205 1847 2236 non
1875 2192 2017 2236 multo

457 2275 585 2305 secus
623 2263 677 2306 de
724 2263 938 2317 strophae
984 2262 1170 2306 notione
1210 2262 1489 2306 coniecturas
1525 2263 1653 2327 finxit
1690 2265 1824 2318 atque
1856 2262 2017 2305 Deme·-

456 2332 567 2374 trius
600 2332 857 2384 Triclinius,
889 2346 990 2375 cum
1021 2333 1068 2375 in
1100 2333 1240 2375 schol.
1273 2333 1330 2375 ad
1356 2333 1495 2387 Soph.
1518 2332 1584 2375 El.
1619 2332 1726 2375 1281
1758 2331 1806 2386 (l.
1826 2344 1863 2375 c.
1882 2344 1927 2387 p.
1946 2331 2016 2383 48,

461 2402 512 2443 10
544 2403 660 2455 sqq.)
700 2402 811 2444 haec
850 2401 1039 2444 diceret:
1084 2399 1254 2457 Στροφὴ
1287 2433 1296 2443 .
1330 2435 1339 2444 .
1372 2434 1382 2444 .
1416 2434 1425 2443 .
1454 2400 1575 2443 τοῦτο
1611 2400 1660 2443 τὸ
1696 2397 1890 2456 ’σύστημα
1918 2397 2018 2444 ὠνό-

457 2484 609 2525 μασται
647 2469 740 2525 παρ’
775 2469 887 2527 ἡμῖν,
931 2470 1020 2513 ἐπεὶ
1056 2471 1130 2512 καὶ
1165 2468 1348 2526 στροφὴν
1378 2469 1640 2527 ποιησαμένη
1668 2468 1880 2526 Ἠλέκτρα
1913 2468 2018 2526 πρὸς

456 2538 524 2580 τὸν
553 2537 682 2594 χορὸν
710 2545 884 2582 ποιεῖται
914 2538 983 2583 τὸν
1011 2537 1156 2596 λόγον·
1196 2540 1338 2582 ἔπειτα
1373 2540 1420 2582 δὲ
1458 2540 1531 2582 καὶ
1563 2537 1666 2596 πρὸς
1694 2539 1765 2582 τὸν
1789 2537 2015 2596 'Opicum

457 2609 510 2651 cf.
542 2609 677 2651 etiam
709 2610 810 2652 Ter.
842 2610 978 2652 Maur.
1011 2623 1049 2651 v.
1080 2610 1192 2652 2707
1225 2623 1291 2664 sq.
1345 2610 1514 2653 Omnes
1546 2610 1685 2663 locos,
1717 2609 1877 2664 quihus
1907 2609 2016 2652 cho-

458 2691 607 2720 rorum
639 2681 786 2721 motus
820 2678 1111 2721 conferuntur
1143 2692 1241 2722 cum
1274 2679 1386 2722 caeli
1418 2679 1703 2734 siderumque
1726 2678 2015 2730 motionibus,

456 2747 656 2800 quamvis
690 2748 761 2789 hic
794 2748 881 2790 illic
912 2751 1109 2790 mutatos
1141 2761 1194 2791 ex
1216 2748 1462 2791 Ptolemaei
1491 2747 1730 2802 disciplina
1748 2747 2016 2802 profluxisse

457 2816 598 2870 quivis
632 2817 790 2859 Crusio
822 2817 958 2859 dabit.
1019 2817 1083 2859 De
1114 2817 1191 2860 illa
1221 2821 1370 2860 autem
1410 2830 1456 2860 re
1494 2817 1789 2860 dubitaverim
1827 2829 1886 2860 an
1925 2817 2014 2860 iam

457 2888 559 2927 ante
591 2885 897 2928 Ptolemaeum
929 2885 1157 2940 homines,
1195 2890 1243 2929 ut
1282 2887 1495 2941 strophae
1533 2886 1843 2941 antistrophae
1881 2885 2015 2941 epodi

458 2954 640 2995 nomina
676 2954 959 3008 expedirent,
999 2955 1054 2997 de
1092 2955 1225 2997 variis
1265 2956 1506 2999 chororum
1544 2955 1807 2999 decursibus
1846 2955 2015 3010 cogita-

459 3023 621 3077 verint,
672 3037 755 3076 qua
804 3024 1026 3066 sententia
1073 3028 1249 3078 arrepta
1295 3025 1578 3068 Ptolemaeus
1625 3037 1705 3066 sua
1758 3024 1813 3066 de
1858 3024 2013 3067 mundi
