2196 3438
950 326 1006 370 57

192 462 661 523 Qdfflm
671 472 793 508 nova
821 464 1010 520 stropha
1039 477 1185 520 neque
1214 465 1272 509 ab
1302 465 1611 509 antecedentis
1642 468 1758 509 stro-

192 532 322 593 fflht
379 533 527 578 forma
585 534 764 579 diversa
819 536 1044 590 sequatur.
1130 535 1246 578 Tum
1299 534 1432 590 igitur
1480 535 1759 590 paragrapho

193 601 381 653 ωι·
421 600 452 659 ἡ
497 602 623 659 διπλῆ
666 597 696 659 ἡ
741 602 826 646 loto
875 608 1102 646 νενευκυῖα.
1175 603 1266 647 Sed
1309 603 1423 647 haec
1471 604 1624 648 omnia
1666 618 1759 648 non

190 670 367 725 ’Μ
402 671 492 716 nisi
529 672 586 715 de
625 671 824 728 strophis
859 671 1046 727 paribus
1083 684 1184 715 sese
1214 672 1553 727 excipientibus.
1612 673 1662 717 Si
1691 674 1760 716 in·

199 740 433 801 unquentis
464 742 678 797 strophae
708 741 942 797 rhythmus
972 754 1000 784 a
1028 741 1179 796 priore
1209 741 1392 794 recedit,
1422 742 1548 785 Iocus
1576 755 1670 786 non
1691 745 1760 786 est

198 811 483 868 mbo
513 810 632 855 inter
660 810 783 854 solas
814 810 1026 866 strophas
1056 823 1188 865 pares
1218 814 1472 866 usurpatae,
1504 811 1585 855 sed
1613 810 1761 866 diplae

197 876 285 933 b
297 878 527 937 νενευκυία-
562 879 759 924 Proinde
778 879 868 923 illic
887 882 1039 923 utrum
1060 879 1246 935 stropha
1266 880 1511 924 amoebaea
1539 881 1598 924 sit
1618 893 1760 924 necne

198 947 317 997 nihil
342 947 548 993 interest.

259 1016 437 1064 *Haec
480 1017 692 1062 di8tincte
737 1021 783 1061 et
825 1018 942 1062 bene
978 1018 1185 1073 exposuit
1228 1018 1517 1074 Hephaestio.
1586 1019 1759 1062 Tamen

198 1085 368 1136 m
412 1089 630 1142 quantum
682 1087 729 1130 in
781 1087 848 1130 eis
893 1087 1244 1142 interpretandis
1287 1088 1490 1143 peccavit
1534 1087 1759 1139 OsannuS‚

199 1154 327 1202 ά
370 1158 522 1201 errata
564 1156 824 1211 singillatim
862 1156 1058 1200 refutare
1102 1171 1264 1212 operae
1307 1158 1502 1213 pretium
1546 1171 1640 1201 non
1678 1160 1759 1201 est.

131 1227 135 1231 ”
199 1223 356 1282 Mne
383 1225 656 1271 Thiemanni
688 1226 918 1269 schemata
947 1240 990 1281 p.
1025 1226 1107 1269 130
1135 1227 1368 1282 proposita
1398 1228 1455 1270 ab
1486 1227 1610 1270 omni
1630 1229 1758 1282 parte

203 1300 313 1340 flu
336 1293 546 1339 absoluta
573 1298 651 1338 aut
680 1298 804 1339 recta
833 1308 888 1339 ex
918 1295 984 1338 eis
1019 1308 1133 1351 quae
1166 1296 1258 1340 dixi
1289 1295 1418 1340 facile
1461 1296 1759 1351 cognoscitur.

202 1361 495 1408 ffldentur
522 1363 644 1419 apud
670 1363 1054 1419 Hephaestionem
1084 1367 1193 1408 nota
1223 1378 1310 1420 qua
1338 1365 1386 1408 in
1416 1365 1580 1408 fabulis
1607 1367 1758 1420 partes

199 1430 430 1477 oenflnuis
474 1433 679 1477 versibus
725 1433 932 1476 conditae
970 1447 997 1476 a
1033 1433 1191 1476 metris
1228 1434 1378 1489 lyricis
1416 1434 1760 1489 distinguantur.

198 1499 252 1545 In
283 1499 518 1546 Heliodori
558 1501 823 1545 colometria
866 1502 1200 1557 Aristophanea
1237 1502 1503 1560 ὲτερομετρία
1540 1503 1763 1547 indicatur

200 1572 311 1615 nota
343 1568 484 1626 διπλῆ.
543 1570 654 1614 Utra
691 1571 840 1626 diplae
877 1571 1024 1615 forma
1060 1571 1214 1624 fuerit,
1253 1572 1300 1615 in
1339 1573 1526 1616 scholiis
1564 1585 1657 1615 non
1695 1572 1762 1615 di-

198 1640 322 1684 sertae
348 1638 604 1691 adnotatur,
635 1641 717 1684 sed
746 1641 1056 1684 Thiemannus
1087 1644 1132 1684 et
1160 1641 1357 1684 Hensius
1396 1642 1456 1697 (p.
1494 1642 1568 1696 64)
1607 1641 1761 1685 nescio

204 1718 343 1765 quam
370 1708 431 1753 ob
461 1721 557 1752 rem
586 1709 643 1753 de
673 1723 727 1752 ea
755 1722 870 1765 quae
898 1710 982 1753 ἔσω
1007 1715 1221 1753 νενευκυῖα
1250 1710 1413 1753 dicitur
1445 1710 1763 1765 cogitaverunt.

197 1770 312 1823 mhi
345 1779 504 1822 eontra
542 1778 641 1822 sola
677 1778 797 1834 diple
834 1777 914 1831 ἔξω
949 1784 1164 1822 νενευκυῖα
1202 1779 1307 1822 huic
1343 1779 1443 1822 usui
1474 1779 1762 1822 inservivisse

197 1845 388 1892 vidum.
454 1846 522 1890 Ea
557 1847 679 1891 enim
714 1847 762 1891 in
797 1847 1028 1891 Alcmanis
1067 1848 1268 1891 carmine
1313 1861 1368 1892 ex
1406 1849 1761 1904 quattuordecim

201 1915 403 1972 *ophis
432 1918 670 1960 constante
700 1915 966 1973 ἕεερομετρία
997 1919 1153 1960 notata
1172 1920 1282 1968 erat,
1314 1917 1462 1961 eidem
1481 1917 1629 1960 locum
1658 1930 1760 1961 esse

200 1983 337 2030 intur
356 1983 561 2040 dispares
594 1985 807 2040 strophas
845 1998 947 2028 sese
982 1986 1259 2041 excipientes
1288 1986 1564 2041 Hephaestio
1595 1986 1759 2039 docuit,

200 2051 391 2098 endan
418 2053 613 2109 denique
642 2056 687 2097 et
715 2053 832 2109 apud
864 2054 1060 2109 tragicos
1091 2057 1137 2097 et
1165 2055 1283 2109 apud
1315 2055 1513 2098 comicos
1554 2056 1761 2111 frequen·

200 2123 294 2165 tem
335 2121 477 2166 {nisse
521 2122 639 2166 idem
675 2122 951 2178 Hephaestio
989 2126 1146 2167 auctor
1185 2128 1266 2167 est.
1332 2123 1462 2176 Quod
1499 2125 1610 2167 haec
1641 2125 1760 2168 illius

199 2193 336 2236 notae
361 2190 431 2235 vis
460 2191 519 2236 ab
547 2191 885 2247 Hephaestione
915 2205 1009 2236 non
1039 2192 1206 2236 diserte
1246 2196 1635 2245 commemoratur,
1675 2194 1759 2237 soli

199 2259 410 2316 scriptori
438 2259 548 2304 vitio
579 2260 842 2305 vertendum
871 2264 954 2315 est,
994 2275 1137 2316 neque
1168 2262 1284 2314 licet,
1324 2263 1525 2318 quamvis
1564 2262 1760 2318 proclive

199 2328 281 2382 sit.
338 2331 388 2373 ut
446 2329 522 2374 illa
577 2329 814 2374 inducatur
862 2330 1105 2386 quidquam
1156 2331 1203 2374 in
1251 2334 1375 2375 textu
1420 2334 1593 2375 mutare
1641 2332 1760 2375 velut

197 2411 242 2455 p.
274 2397 414 2443 XXXI
451 2398 479 2441 3
522 2411 679 2442 vocem
724 2398 914 2455 στροφῶν
959 2399 1108 2443 delere
1155 2400 1224 2444 vel
1271 2414 1353 2456 pro
1394 2414 1448 2444 ea
1487 2400 1758 2444 substituere

311 2534 426 2589 Quia
460 2549 503 2591 p.
535 2535 674 2579 XXXI
705 2536 728 2580 7
769 2533 874 2580 ἑπτά
910 2536 1118 2580 dicuntur
1161 2535 1441 2595 παραβάσεως
1471 2537 1593 2595 μέρη,
1630 2538 1759 2582 Gais-

197 2603 369 2650 fordIus
398 2604 535 2648 etiam
571 2618 614 2660 p.
644 2604 802 2648 XXVII
836 2606 888 2648 16
922 2608 968 2649 et
995 2605 1167 2650 XXVIII
1194 2606 1224 2650 4·
1253 2606 1524 2651 deteriorum
1555 2607 1759 2652 codicum

196 2673 509 2719 auctoritatem
550 2676 728 2717 secutus
775 2687 865 2718 non
912 2674 1019 2730 εἴδη,
1059 2674 1139 2717 sed
1177 2674 1284 2731 μέρη
1324 2676 1612 2719 scribendum
1657 2689 1758 2719 esse

197 2742 428 2797 (κωπίω)
493 2742 584 2786 Sed
615 2742 700 2785 hoc
737 2756 837 2786 cum
877 2743 1062 2795 faceret,
1106 2746 1154 2786 ut
1199 2744 1284 2787 sibi
1330 2747 1578 2797 constaret,
1623 2745 1757 2788 etiam

195 2825 241 2873 p.
260 2811 433 2857 XXVIII
458 2812 486 2855 8
517 2824 609 2855 non
638 2812 696 2870 τῷ
726 2811 835 2869 γένει
866 2813 1062 2857 scribere
1094 2812 1259 2866 debuit,
1292 2814 1372 2857 sed
1401 2817 1459 2870 τῷ
1479 2811 1579 2869 ὅλῳ.
1623 2814 1760 2858 Prae-

197 2881 321 2926 terea
355 2893 544 2938 prorsus
583 2880 672 2925 alia
717 2884 786 2925 est
823 2880 1029 2925 condicio
1061 2881 1262 2926 locorum
1300 2896 1342 2938 p.
1373 2882 1526 2926 XXVII
1566 2883 1617 2926 16
1648 2896 1758 2938 sqq„

197 2985 467 3006 q...—

318 3028 344 3075 ¹)
368 3029 524 3067 Secutus
549 3034 607 3067 est
629 3030 734 3067 illum
760 3030 798 3067 in
823 3030 986 3068 editione
1010 3041 1078 3067 sua
1103 3030 1364 3078 Westphalius.
