2196 3438
1211 305 1267 348 48
1315 364 1361 368 -

578 443 697 486 Idem
728 445 797 486 est
835 455 999 485 nomen
1036 441 1108 484 τοῦ
1145 441 1288 499 γάνους
1324 441 1398 485 τοῦ
1428 441 1637 499 ἐπῳδωιοῦ
1674 446 1718 488 et
1755 447 1828 488 τοῦ
1864 444 2013 498 εἴδους,

467 513 587 568 quod
619 512 675 555 ad
706 511 814 562 εἶδος
834 510 1001 566 optime
1022 510 1211 566 quadrat
1221 526 1232 566 ;
1263 511 1367 554 inde
1386 512 1443 555 ad
1462 510 1581 568 γένος
1608 513 1806 568 transiit,
1837 513 2012 561 etiamn

461 582 539 636 eis,
585 594 771 637 quorum
818 579 990 635 species
1037 582 1142 623 sunt
1179 578 1412 637 μεσῳδικά,
1460 579 1696 637 προῳδικά,
1739 579 2010 640 παλινῳδικά,

460 646 698 706 περιῳδικοί,
745 662 875 704 quam
923 661 1014 692 non
1062 649 1120 693 sit
1163 649 1551 693 accommodatum
1604 662 1770 694 nomen
1825 649 2012 709 ἰτηιδικά

459 722 594 773 patet.
653 718 749 761 Una
780 730 879 760 cum
911 717 1095 760 nomine
1125 718 1342 762 translata
1372 721 1442 762 est
1481 717 1700 771 definitio,
1746 718 1811 764 ita
1844 722 2011 774 tamen,

463 790 511 830 ut
541 786 790 829 differentia
821 786 1007 829 levicula
1037 799 1130 829 non
1161 786 1290 839 desit,
1323 799 1422 830 cum
1455 787 1500 829 in
1523 787 1687 842 speciei
1709 786 2012 844 descriptione

463 856 724 898 vocabulum
746 851 1000 911 συστήμασιν
1029 868 1169 911 aeque
1200 855 1432 900 omittatur
1461 859 1594 911 atque
1624 856 1671 899 in
1691 856 2008 911 proedioomm

459 928 590 979 atque
629 923 959 967 mesodicorum
996 924 1372 968 enarrationibus.
1437 924 1618 968 Minime
1669 927 1820 969 tamen
1858 926 2011 980 generi

461 995 569 1036 haec
601 993 838 1047 explicatio
870 994 1091 1038 convenit.
1151 993 1262 1038 Nam
1300 994 1405 1038 licet
1441 994 1577 1037 verbo
1616 993 1888 1050 knttptpcofim
1921 994 2009 1040 vim

460 1077 549 1105 non
582 1064 767 1105 subesse
805 1062 1015 1114 addendi,
1054 1062 1134 1105 sed
1174 1063 1220 1106 in
1257 1063 1344 1107 fine
1375 1063 1671 1118 subiungendi
1703 1063 2010 1119 neglexeri8‚¹)

461 1132 503 1174 in
551 1131 815 1185 palinodicis
861 1131 1190 1186 periodicisque
1229 1131 1501 1175 carminibus
1540 1132 1726 1176 minime
1754 1129 2011 1190 συστήμασιν

458 1198 612 1257 ὁμοίοις
627 1200 804 1243 additur
826 1197 1021 1256 ἀνόμοιόν
1041 1214 1091 1255 τι,
1123 1201 1202 1244 sed
1224 1213 1401 1256 semper
1420 1201 1722 1255 adiunguntur
1750 1202 1839 1246 duo
1869 1204 2011 1258 syste-

459 1271 577 1312 mata
621 1283 647 1311 a
693 1269 853 1312 ceteris
899 1269 1090 1312 diversa.
1157 1269 1280 1321 Quae
1318 1270 1438 1324 quod
1469 1271 1516 1313 in
1546 1271 1723 1324 generis
1753 1270 2009 1316 definitione

456 1352 511 1380 ne
543 1338 677 1381 verbo
708 1338 887 1393 quidem
920 1338 1224 1393 significantur
1253 1352 1385 1393 aegre
1415 1338 1612 1383 ferimus.

568 1407 658 1451 Sed
703 1407 948 1450 maioribus
993 1407 1327 1451 difficultatibus
1373 1408 1591 1451 obstricta
1635 1411 1705 1452 est
1735 1408 1901 1464 speciei
1930 1409 2008 1454 de·

455 1476 651 1530 scriptio,
683 1476 827 1531 qualis
866 1476 911 1518 in
950 1476 1179 1520 codicibus
1210 1476 1382 1531 legitur.
1442 1474 1569 1532 Τριοὶς
1598 1474 1786 1534 ἐπῳδική
1820 1477 2010 1525 efficitur

456 1557 545 1588 una
580 1545 792 1599 pericopa
830 1558 884 1588 ex
915 1545 1058 1588 tribus
1097 1546 1352 1600 systematis
1393 1548 1646 1588 constante.
1715 1546 1832 1602 Ergo
1868 1549 2009 1592 tetras

454 1617 522 1656 est
566 1617 773 1668 quattuor
804 1616 1094 1669 systematum
1126 1614 1382 1658 coniunctio
1427 1614 1684 1658 huiusmodi
1727 1615 1768 1658 A
1798 1616 1844 1660 'A
1877 1616 1919 1660 A
1956 1616 2008 1669 B,

452 1686 612 1737 pentas
658 1683 852 1738 quinque
895 1683 934 1726 A
962 1683 1003 1726 A
1033 1684 1070 1726 A
1099 1684 1138 1726 A
1168 1683 1218 1726 B.
1285 1683 1376 1727 Sed
1421 1683 1468 1726 in
1505 1683 1689 1726 Pindari
1734 1684 2007 1728 carminibus

455 1765 566 1806 quae
598 1754 773 1794 servata
803 1754 908 1794 sunt
938 1751 1081 1807 iisque
1109 1752 1167 1794 44
1197 1763 1253 1794 ne
1284 1751 1422 1795 semel
1454 1751 1633 1806 quidem
1655 1765 1791 1808 supra
1816 1752 2008 1798 triadem

456 1821 696 1863 exceditur.
764 1821 898 1863 Tales
937 1820 1129 1876 ineptias
1171 1833 1270 1863 cum
1307 1821 1365 1864 ab
1402 1820 1737 1876 Hephaestione
1780 1821 2007 1877 profectas

455 1904 554 1933 esse
585 1892 781 1944 negaret,
811 1890 1117 1945 Westphalius
1154 1892 1298 1933 totum
1335 1890 1603 1945 paragraphi
1641 1890 1808 1935 exitum
1845 1890 1950 1935 inde
1978 1904 2006 1936 a

453 1959 601 2003 verbis
631 1958 784 2015 γίνεται
812 1956 894 2015 γάρ
923 1958 1013 2002 κτλ.
1038 1959 1094 2002 ab
1126 1958 1446 2014 interpolatore
1477 1958 1761 2003 subiunctum
1781 1973 1882 2004 esse
1902 1973 2007 2005 cen-

454 2028 542 2071 suit
571 2028 745 2082 (Metrik
764 2028 823 2071 11²
842 2042 886 2083 p.
907 2029 1022 2084 258).
1080 2028 1140 2071 At
1168 2028 1338 2084 optimo
1369 2028 1463 2071 iure
1495 2027 1662 2072 Caesar
1698 2029 1833 2073 etiam
1869 2029 2007 2074 alium

453 2098 790 2152 grammaticum
821 2096 875 2140 de
905 2096 1087 2140 Pindari
1118 2099 1195 2140 aut
1224 2097 1470 2141 Simonidis
1502 2097 1775 2142 carminibus
1804 2100 1898 2141 tam
1926 2097 2007 2143 ab·

456 2166 685 2208 horrentia
723 2180 749 2208 a
778 2166 964 2208 veritate
995 2165 1283 2209 contendisse
1313 2166 1503 2220 negavit.
1562 2165 1827 2209 Remedium
1854 2169 2006 2224 tamen

453 2236 509 2277 ab
528 2248 580 2277 eo
598 2235 809 2287 oblatum,
826 2248 913 2290 quo
940 2235 1028 2278 iam
1045 2235 1176 2290 longe
1200 2237 1334 2278 antea
1347 2248 1456 2278 usus
1473 2237 1568 2278 erat
1590 2234 1701 2278 God.
1721 2235 2005 2280 Hermannus

454 2305 525 2357 (el.
579 2305 620 2347 d.
673 2317 730 2347 m.
773 2303 826 2358 ρ]
863 2305 985 2359 716),
1032 2304 1166 2347 nimis
1213 2304 1314 2347 lene
1367 2307 1449 2348 est.
1525 2303 1638 2348 Nam
1691 2304 1869 2349 etiamsi
1910 2303 2005 2361 ple·-

457 2373 583 2416 niore
622 2373 910 2416 distinctione
946 2376 1051 2428 post
1089 2372 1156 2415 ἐπὶ
1192 2372 1333 2416 πλεῖον
1369 2375 1584 2428 usurpata
1618 2373 1756 2417 verba
1791 2370 1847 2426 ὥς
1873 2369 1928 2416 τοί
1954 2386 2005 2430 γε

453 2441 625 2484 πλεῖστα
653 2439 859 2498 Πινδάρου
889 2443 962 2484 καὶ
990 2441 1217 2499 Σιμωνίδου
1247 2441 1468 2498 πεποίηται
1487 2442 1545 2485 ad
1564 2442 1821 2486 universam
1849 2441 2003 2499 epodi-

454 2524 605 2553 corum
646 2511 839 2566 speciem
879 2510 1033 2553 referri
1072 2524 1208 2566 posse
1237 2523 1474 2566 ponamus,
1502 2511 1642 2554 verba
1670 2514 1822 2554 tamen
1849 2508 2005 2567 γίνεται

451 2579 532 2635 γὰρ
571 2577 703 2635 ὥςπερ
740 2579 853 2636 τριὰς
889 2577 1088 2636 ἐπῳδική,
1127 2575 1234 2623 οὕτω
1263 2581 1337 2622 καὶ
1366 2579 1510 2636 τετρὰς
1549 2580 1623 2622 καὶ
1650 2578 1799 2631 πεντὰς
1825 2578 1900 2622 καὶ
1938 2578 2006 2623 ἐπὶ

452 2647 612 2702 πλεῖον,
667 2661 765 2691 cum
811 2649 1066 2692 huiusmodi
1121 2649 1387 2704 compositio
1418 2663 1465 2692 re
1509 2662 1615 2692 vera
1657 2661 1878 2704 nusquam
1920 2661 2006 2692 usu

456 2717 616 2770 veniat,
649 2731 725 2760 cur
754 2718 905 2762 addita
937 2719 1025 2762 sint
1063 2733 1154 2762 non
1191 2718 1471 2774 intellegitur.
1530 2718 1649 2761 Idem
1679 2721 1729 2761 ut
1755 2715 1844 2760 alia
1873 2716 2005 2763 omit-

572 2890 596 2934 ¹)
622 2892 660 2926 ln
675 2891 816 2927 scholio
835 2903 868 2936 p.
886 2891 981 2928 XVII
1007 2893 1049 2927 10
1078 2892 1253 2937 scriptum
1271 2895 1328 2927 est
1351 2892 1583 2935 προστίθεμεν
1607 2892 1646 2925 δὲ
1677 2892 1741 2925 καί
1763 2890 1804 2925 τὸ
1821 2885 2001 2935 ἀνόμοιον.

455 2948 680 2993 Hephaestio
708 2950 815 2994 igitur
839 2950 1032 2995 scripsisse
1057 2950 1199 2985 videtur
1221 2948 1387 2994 ἀνόμοιόν
1410 2961 1442 2984 τι
1466 2951 1708 2994 προστίθεταη
1733 2958 1861 2984 vocem
1885 2950 2003 2992 ἐπιφέ-

454 3017 551 3049 ρεται
580 3011 697 3041 utrum
723 3008 925 3052 excerptori
952 3019 999 3043 an
1025 3007 1173 3043 librario
1199 3007 1355 3043 tribuam
1381 3007 1539 3042 incertus
1566 3007 1713 3042 haereo.

2152 3338 2174 3347 x
2184 3094 2196 3248 qus-nm.-
2187 3002 2196 3066 A-.-.
2192 2904 2196 2913 -
