2196 3438
1190 319 1244 381 ⁷0

438 460 619 516 scripsit
663 458 742 502 οὐκ
789 457 1003 514 ἐνδέχεται
1047 455 1189 514 στίχον
1230 455 1453 512 (cpiam)
1468 452 1823 513 τριακοντάσημον
1874 454 1997 510 οἴνας

438 530 492 573 cs.
525 531 692 573 Caesar
722 542 806 570 em.
838 527 980 581 Heph.
1012 526 1028 568 1
1059 539 1101 581 p.
1131 526 1241 569 XVI.
2004 537 2007 539 ’

551 599 750 642 Alteram
782 595 1089 639 definitIonem
1121 607 1222 638 esse
1244 594 1562 638 Heliodoream
1594 597 1715 638 recte
1744 594 1855 638 mihi
1878 593 2006 639 videa·

439 673 509 711 tur
555 666 803 710 coniecisse
840 664 1036 707 Hensius
1073 663 1170 707 Hel.
1207 664 1310 707 Unt.
1342 677 1384 718 p.
1421 663 1512 706 117.
1573 662 1783 708 Ceterum
1812 663 1868 708 de
1897 663 2009 716 coll,¹

437 737 631 792 periodi,
678 734 916 790 pericopae
961 733 1006 775 in
1046 731 1309 776 colometria
1348 732 1610 775 notionibus
1649 745 1763 788 quae
1798 732 2000 790 disputa-

439 809 595 849 verunt
627 805 937 847 Thiemannus
969 805 1013 845 et
1042 801 1238 845 Hensius
1269 802 1313 845 II.
1345 814 1407 844 cc.
1439 814 1598 857 pamm
1630 802 1854 847 subtiliter
1880 802 2001 848 dieta

441 878 557 918 sunt.
618 870 775 930 Κόμμα
806 873 851 915 in
891 870 1154 915 colometria
1192 870 1379 914 omnino
1418 871 1565 924 deest,
1611 874 1770 915 contra
1811 870 2003 930 πωλάρια

439 946 655 986 vocantur
687 942 733 985 in
765 941 905 985 schol.
936 941 1039 984 Pac.
1075 940 1155 983 173
1185 950 1342 983 versus
1380 939 1419 982 τί
1456 953 1578 996 φησι;
1616 943 1661 984 et
1691 939 1733 996 ἰὴ
1765 936 1821 998 ἰή.
1879 941 2001 987 Idem

439 1012 702 1055 vocabulum
749 1011 795 1053 in
836 1009 976 1053 schol.
1014 1009 1125 1054 Ach.
1160 1010 1179 1051 1
1221 1022 1304 1065 pro
1341 1006 1573 1066 κομμάτιον
1605 1009 1837 1054 substituit
1864 1009 2004 1054 Thio-

439 1094 643 1124 mannus.
703 1080 860 1135 Agitur
890 1078 980 1122 illic
1011 1078 1066 1121 de
1098 1091 1229 1121 versu
1260 1078 1371 1121 Ach.
1401 1078 1457 1121 43
1487 1071 1620 1134 πάριτ’
1653 1078 1695 1130 ἐς
1723 1078 1770 1121 τὸ
1800 1077 2001 1136 πρόσθεν.

441 1150 663 1194 Vocabulo
709 1148 846 1191 κῶλον
887 1148 1050 1203 duplex
1087 1147 1214 1191 notio
1254 1147 1455 1191 subiecta
1493 1150 1574 1191 est.
1634 1145 1835 1191 Primum
1864 1147 2003 1204 signi-

438 1222 551 1272 ticat,
584 1219 627 1262 id
659 1218 779 1274 quod
810 1218 856 1260 in
886 1215 1150 1274 κωλομετρίᾳ
1180 1219 1535 1260 consentaneum
1556 1220 1638 1270 est,
1665 1230 1824 1262 omnes
1844 1229 2007 1262 versusv

440 1290 661 1344 scriptura
684 1300 939 1342 expressos,
971 1299 1071 1329 cum
1103 1285 1228 1329 cuius
1254 1286 1346 1329 sint
1375 1285 1698 1341 magnitudinis
1728 1285 1843 1330 nihil
1864 1287 2004 1331 inter-

440 1359 510 1402 sit.
561 1359 675 1401 Tum
707 1357 806 1399 cola
836 1354 1046 1399 dicuntur
1074 1368 1234 1398 omnes
1265 1355 1474 1398 versiculi
1506 1355 1664 1399 stichis
1685 1355 1886 1400 minores
1909 1355 2003 1400 sive

443 1428 601 1481 integri
649 1428 752 1470 sunt
799 1426 891 1468 sive
937 1425 1196 1468 catalectici.
1264 1424 1461 1467 Abusive
1498 1424 1615 1468 enim
1655 1424 1791 1468 etiam
1828 1431 2007 1469 comma

440 1497 604 1540 dicitur
635 1496 767 1539 colon
798 1494 980 1549 (Victor.
1011 1508 1053 1549 p.
1086 1494 1154 1545 54,
1175 1494 1233 1549 5).
1293 1492 1494 1550 Περίοδος
1523 1494 1783 1538 nominatur
1810 1494 2013 1550 primum

441 1580 494 1609 ea
525 1566 687 1621 pedum
721 1564 992 1616 coniunctio,
1024 1577 1158 1619 quam
1189 1563 1349 1606 eodem
1379 1564 1597 1606 vocabulo
1629 1563 1894 1619 significavit
1914 1560 2010 1608 He&

439 1635 646 1691 phaestio
691 1648 734 1689 p.
765 1634 819 1676 IV
853 1634 917 1676 12.
962 1633 1058 1675 XIII
1087 1633 1127 1675 6.
1173 1632 1309 1675 XXIV
1338 1633 1378 1684 4,
1420 1633 1475 1676 de
1516 1645 1604 1688 qua
1640 1632 1733 1676 dixi
1761 1646 1805 1688 p.
1836 1633 1893 1677 35
1923 1627 2006 1690 sm,

440 1708 535 1748 turn
555 1716 849 1758 unaquaeque
871 1701 1030 1758 μέτρων
1049 1700 1272 1758 συναγωγή
1293 1700 1386 1758 ἤτοι
1407 1698 1483 1744 δύο
1508 1700 1538 1757 ’ἢ
1565 1699 1764 1746 πλειόνων
1792 1700 1824 1759 ἦ
1852 1699 2009 1760 ὁμοίων

440 1772 471 1828 ἤ
509 1767 712 1829 ἀνομοίων
756 1772 815 1826 (p.
847 1770 941 1813 VIII
975 1770 991 1812 1
1029 1771 1136 1826 sq.),
1182 1770 1244 1813 ita
1282 1774 1330 1814 ut
1365 1771 1498 1825 plane
1536 1771 1792 1814 consentiat
1821 1782 1923 1815 cum
1952 1784 2007 1815 ea

444 1842 628 1884 notione
660 1852 791 1895 quam
822 1839 1042 1882 vocabulo
1073 1836 1266 1896 σύστημα
1303 1838 1460 1882 tribuit
1497 1839 1787 1895 Hephaestio.
1854 1839 2007 1896 Itaque

444 1910 643 1964 singulos
675 1910 799 1952 locos
843 1921 1106 1952 enumerare
1144 1908 1431 1963 supersedeo.
1497 1908 1663 1952 Iniuria
1701 1909 1835 1964 igitur
1870 1908 2008 1953 Tme-

444 1991 636 2022 mannus
674 1992 716 2033 p.
751 1979 832 2021 109
870 1978 1106 2033 periodum
1147 1977 1382 2020 metricam
1419 1978 1554 2021 variis
1594 1981 1880 2023 constantem
1907 1992 2009 2023 veru

445 2050 569 2091 sibus
599 2046 831 2104 περικοπήν
861 2048 947 2090 dici
979 2048 1228 2091 affirmavit.
1279 2048 1419 2090 Immo
1450 2048 1587 2091 etiam
1618 2048 1663 2091 in
1688 2047 1888 2103 periodis
1909 2061 2010 2092 sae-

445 2118 631 2173 pissime
660 2117 770 2160 varii
803 2131 960 2161 versus
993 2117 1259 2167 miscentur;
1292 2120 1449 2160 contra
1479 2116 1688 2173 περικοπή
1717 2117 1836 2173 apud
1855 2117 2010 2161 Helio-

446 2188 604 2231 dorum
627 2187 827 2230 nondum
844 2200 1032 2242 prorsus
1056 2187 1103 2229 in
1120 2187 1385 2230 sollemnem
1404 2200 1535 2230 usum
1552 2187 1720 2230 abiisse
1735 2186 1923 2230 videtur.
1958 2187 2009 2230 In

446 2257 587 2299 schol.
611 2256 716 2299 Ach.
734 2257 812 2300 971
839 2256 1029 2313 (συζυγία
1052 2254 1163 2299 κατὰ
1182 2254 1415 2312 περικοπὴν
1435 2253 1751 2314 ἀνομοιομερής)
1771 2256 2010 2312 pericopae

448 2326 534 2367 vim
566 2326 699 2380 plane
732 2326 971 2368 concinere
1003 2339 1102 2368 cum
1135 2339 1200 2377 ea,
1233 2339 1365 2380 quam
1395 2326 1672 2380 Hephaestio
1702 2339 1745 2381 p.
1775 2326 1831 2368 VI
1853 2325 1882 2368 8
1911 2338 2008 2383 sqq.

448 2398 491 2437 et
511 2395 609 2437 XIX
629 2395 655 2436 5
678 2409 774 2450 sqq.
807 2395 1059 2449 descripsit,
1091 2394 1237 2450 quivis
1259 2394 1389 2437 facile
1409 2393 1636 2449 perspicit.
1681 2394 1804 2438 Idem
1825 2393 1944 2438 cadit
1962 2393 2010 2437 in

449 2464 588 2507 schol.
610 2465 712 2507 Pac.
738 2465 845 2507 1127
877 2464 920 2507 ἐν
950 2464 1024 2520 μὲν
1053 2466 1105 2520 τῇ
1137 2460 1174 2520 β’
1203 2467 1412 2520 περικοπῇ
1438 2463 1523 2505 ἐστι
1546 2462 1635 2506 κτλ.
1664 2463 1709 2506 in
1733 2463 1859 2507 cuius
1879 2462 2010 2507 initio

451 2534 537 2576 iam
567 2534 760 2577 Hensius
788 2548 829 2588 p.
857 2535 930 2576 141
968 2533 1148 2589 scripsit
1175 2531 1480 2589 διαπεραίνεται
1510 2531 1705 2589 συζυγίαν
1732 2531 1872 2588 <mccl
1899 2545 2012 2589 περι-

448 2601 586 2658 κοπὴν
607 2601 684 2657 ἀν>
694 2602 936 2659 ομοιομερῆ.
983 2603 1074 2646 Sed
1095 2603 1141 2645 in
1164 2602 1303 2645 schol.
1325 2602 1428 2645 Pac.
1450 2602 1534 2644 485
1556 2604 1600 2645 et
1620 2602 1730 2644 Ach.
1750 2601 1836 2645 263
1855 2613 1943 2656 qua
1962 2614 2012 2645 re

451 2672 660 2727 pericopa
691 2686 717 2714 a
746 2672 933 2726 periodo
971 2672 1150 2715 differat
1189 2684 1279 2714 non
1320 2671 1464 2723 video,
1511 2670 1724 2726 quoniam
1760 2671 1804 2713 et
1837 2670 2012 2725 periodi

453 2738 665 2796 ἀμοιβαῖαι
704 2741 925 2794 dicuntur,
971 2742 1091 2784 velut
1136 2742 1180 2783 in
1221 2741 1362 2784 schol.
1401 2734 1512 2784 Ach.
1547 2741 1669 2792 1008,
1708 2742 1752 2783 et
1788 2739 2013 2783 interdum

454 2809 749 2863 responsione
781 2812 933 2852 carent
966 2810 1039 2858 (cf.
1072 2810 1213 2853 schol.
1245 2810 1357 2853 Nub.
1388 2809 1486 2852 457.
1516 2809 1615 2852 467.
1645 2808 1755 2852 Ach.
1790 2809 1931 2863 1143),
1969 2811 2014 2853 et

453 2877 641 2920 diversis
674 2878 898 2930 εἰσθέσεως
928 2880 995 2922 vel
1028 2878 1242 2930 ἐκθέσεως
1272 2879 1419 2923 modis
1451 2880 1660 2922 exaratae
1683 2880 1787 2921 sunt
1817 2877 1891 2932 (cf.
1912 2891 1950 2921 e.
1972 2891 2012 2933 g.

454 2947 594 2988 schol.
627 2947 705 3000 Eq.
736 2948 850 3001 616).
915 2949 1057 2991 Unum
1090 2951 1240 2991 tamen
1271 2947 1503 2991 Heliodori
1543 2947 1838 3000 fragmentum
1867 2946 2014 2990 adhuc

453 3015 573 3057 viros
606 3015 767 3058 doctos
801 3016 923 3071 fugit.
984 3017 1092 3060 Nam
1127 3017 1225 3060 sine
1256 3017 1392 3060 dubio
1422 3016 1541 3071 apud
1570 3017 1728 3060 Joann.
1754 3015 2015 3060 Siceliotam
