2196 3438
1104 327 1371 393 *66⁴*

461 479 513 510 ex
547 466 643 510 cod.
681 467 779 510 Par.
813 466 925 509 7530
953 478 1075 508 anno
1107 465 1191 509 780
1228 468 1412 509 exarato
1450 464 1616 520 publici
1654 464 1763 510 iuris
1802 465 2021 522 factumn,

460 540 564 590 post
585 550 611 579 a
635 534 1004 579 Reifferscheidio
1027 534 1144 578 inter
1170 535 1418 589 fragmenta
1435 534 1711 579 Suetoniana
1728 536 1790 591 (p.
1810 536 1888 580 137
1906 536 2022 592 sqq.)

461 608 707 659 receptum,
749 603 992 647 novissime
1031 604 1088 646 ab
1127 604 1263 647 Henr.
1295 604 1390 647 Keil
1431 604 1476 647 in
1516 603 1596 648 GL
1626 603 1699 647 vn
1734 618 1778 660 p.
1808 604 1893 648 533
1922 617 2022 660 sqq.

460 674 640 717 editum.
700 674 808 715 Arta
841 685 941 715 cum
964 672 1039 715 illo
1069 673 1338 727 cognatione
1359 673 1647 716 continentur
1667 675 1711 716 et
1730 672 1890 717 Isidori
1910 672 2020 728 orig.

461 742 533 784 lib.
556 742 571 784 1
603 755 697 796 cap.
721 743 776 783 20
806 744 850 784 et
880 744 1096 785 tractatus
1128 755 1260 797 quem
1290 756 1345 785 ex
1371 742 1525 786 codice
1547 741 1741 797 quodam
1761 741 2020 786 monacensi

461 811 504 853 in
536 811 678 853 lucem
711 810 859 853 emisit
889 811 941 854 H.
974 811 1161 854 Kettner
1190 811 1414 856 Kritische
1446 811 1787 866 Bemerkungen
1807 823 1863 855 zu
1881 810 2020 857 varro

458 894 498 922 u.
543 880 691 922 latein.
732 879 975 922 Glossaren
1021 880 1137 933 (Hal.
1171 880 1298 935 1868)
1337 894 1379 935 p.
1411 881 1465 923 33
1505 893 1602 935 sqq.
1669 879 1727 923 Et
1760 878 1816 924 de
1845 880 2021 925 ratione

460 949 574 991 inter
605 952 695 991 tres
728 948 810 991 has
842 948 1171 1003 disputationes
1204 949 1509 993 intercedente
1538 951 1582 992 et
1604 948 1660 991 de
1681 951 1889 994 notarum
1909 949 2021 995 Pro·

458 1018 691 1060 bianarum
737 1031 850 1071 quae
889 1017 935 1060 in
973 1017 1038 1061 eis
1085 1018 1239 1061 insunt
1281 1014 1454 1072 origine
1493 1018 1662 1072 optime
1698 1017 1808 1061 mihi
1845 1017 2021 1063 videtur

459 1087 727 1130 disseruisse
764 1087 844 1129 Jul.
884 1087 1023 1142 Steup
1063 1088 1128 1130 De
1166 1087 1326 1131 Probis
1363 1086 1667 1142 grammaticis
1706 1087 1860 1140 (Jenae
1890 1086 2019 1142 1871)

456 1171 498 1210 p.
528 1157 735 1199 48—60:
782 1156 851 1198 cui
898 1157 1019 1211 quod
1057 1157 1219 1200 addam
1259 1170 1352 1199 non
1397 1156 1559 1199 habeo.
1625 1156 1841 1212 Reliquas
1885 1158 2019 1200 notas

457 1225 665 1268 metricas
698 1225 784 1268 iam
818 1238 954 1280 supra
982 1225 1248 1280 perstrinxi3
1279 1225 1399 1280 diple
1420 1225 1710 1277 obelismene‚
1739 1237 1852 1280 quae
1871 1225 2020 1280 posita

457 1308 556 1337 esse
587 1294 749 1336 dicitur
780 1294 864 1346 „ad
896 1294 1173 1349 separandas
1206 1294 1253 1336 in
1274 1294 1521 1338 comoediis
1543 1297 1587 1337 et
1607 1293 1851 1349 tragoediis
1869 1293 2018 1350 perio-

455 1364 579 1414 dos‘⁴,
611 1363 656 1405 in
679 1362 879 1405 Terentii
911 1362 1183 1405 editionibus
1205 1362 1443 1406 Probianis
1474 1360 1761 1418 ὲτερομετρίαν
1791 1361 2018 1407 indicasse

455 1432 629 1474 videtur
674 1430 866 1474 similem
912 1430 957 1473 in
1003 1430 1185 1474 modum
1230 1434 1364 1485 atque
1403 1430 1448 1473 in
1486 1430 1650 1473 fabulis
1687 1430 1860 1485 graecis
1896 1430 2018 1487 diple

456 1500 534 1552 ἔξω
563 1506 790 1559 νενευκυῖα.
851 1500 999 1543 Foede
1036 1500 1093 1542 ab
1133 1503 1395 1555 excerptore
1431 1500 1635 1544 mutilata
1674 1513 1775 1543 esse
1810 1490 2020 1545 videntur

455 1583 567 1624 quae
598 1570 654 1613 de
686 1573 807 1613 recta
837 1573 881 1612 et
911 1582 1070 1612 aversa
1102 1582 1294 1624 superne
1320 1569 1511 1612 obelatis
1533 1569 1796 1613 referuntur.
1845 1569 1899 1613 ln
1918 1569 2017 1615 cod.

456 1639 553 1681 Par.
586 1642 691 1681 sunt
723 1639 854 1682 haec:
887 1641 1037 1690 „recta
1067 1641 1112 1680 et
1142 1650 1301 1680 aversa
1331 1651 1525 1692 superne
1555 1638 1759 1681 obelatae
1787 1641 2019 1693 ponuntur

455 1721 554 1750 cum
601 1707 757 1751 eadem
796 1707 1049 1761 significant
1088 1707 1369 1762 similemque
1409 1710 1670 1762 sequentem
1710 1710 1854 1760 esse“‚
1897 1708 2017 1763 apud

454 1777 687 1830 Isidorum,
719 1789 910 1831 quocum
942 1776 1033 1819 fere
1065 1775 1291 1819 consentit
1328 1775 1425 1818 cod.
1464 1776 1651 1828 Monac„
1689 1776 1822 1820 haec:
1866 1780 2018 1830 „recta

454 1850 499 1888 et
536 1859 694 1888 aversa
730 1858 923 1900 superne
963 1844 1141 1888 obelata
1184 1844 1368 1899 ponitur
1402 1844 1527 1887 finita
1564 1844 1665 1888 loco
1704 1859 1786 1890 suo
1822 1846 2016 1890 monade

455 1915 760 1970 significatque
791 1914 983 1957 similem
1014 1917 1277 1969 sequentem
1308 1927 1485 1969 quoque
1520 1917 1664 1957 esse.“
1722 1914 1891 1958 Keilius
1922 1915 1951 1959 l.
1973 1928 2011 1959 c.

454 1985 708 2039 proposuit:
755 1987 1011 2040 „ponuntur
1048 1996 1148 2026 cum
1180 1983 1336 2026 eadem
1375 1983 1560 2038 strophe
1592 1983 1771 2038 saepius
1802 1984 2017 2039 repetitur

454 2057 497 2095 et
537 2053 788 2107 significant
833 2053 1026 2096 similem
1071 2065 1247 2108 quoque
1289 2056 1552 2108 sequentem
1590 2056 1733 2095 esse.“
1801 2053 1893 2098 Sed
1930 2053 2015 2097 hac

455 2123 711 2165 coniectura
747 2123 938 2178 probata
977 2135 1069 2165 non
1115 2125 1183 2165 est
1222 2135 1309 2177 quo
1349 2122 1460 2165 haec
1492 2125 1600 2165 nota
1630 2122 1930 2177 distinguatur
1957 2123 2015 2167 ab

453 2205 612 2235 aversa
650 2192 940 2244 obelismene‚
988 2205 1101 2247 quae
1145 2191 1328 2247 ponitur
1367 2191 1603 2247 „quotiens
1643 2191 1855 2246 strophae
1899 2191 2016 2236 anti-

455 2261 666 2316 strophos
699 2261 929 2304 infertur“.
990 2260 1083 2315 Ego
1124 2259 1206 2303 nec
1247 2262 1415 2303 certam
1459 2259 1681 2303 medelam
1721 2259 1767 2302 in
1803 2262 2015 2317 promptu

454 2331 598 2374 habeo
638 2344 720 2373 nec
759 2344 846 2385 quo
885 2331 972 2373 hoc
1011 2332 1299 2385 praeceptum
1335 2329 1558 2384 pertineat
1588 2329 1791 2384 dispicio.
1849 2329 2013 2373 Parum

455 2400 572 2442 enim
611 2403 730 2442 recte
760 2399 1032 2442 Ribbeckius
1072 2399 1416 2454 (Prolegomena
1453 2399 1549 2442 crit.
1588 2398 1635 2441 in
1674 2398 1851 2453 Vergil„
1893 2398 2013 2453 Lips.

457 2469 578 2520 1866,
599 2483 641 2523 p.
667 2469 764 2524 157)
795 2469 853 2511 ad
884 2469 1006 2512 illam
1037 2482 1170 2524 quam
1201 2469 1246 2511 in
1270 2468 1447 2522 Vergilii
1473 2467 1639 2523 eclogis
1661 2466 2014 2522 deprehendisse

455 2538 538 2579 sibi
570 2538 691 2580 visus
723 2541 791 2581 est
822 2539 1109 2593 stropharum
1141 2537 1486 2592 responsionem
1517 2537 1699 2580 rettulit.

566 2607 766 2662 Denique
796 2608 851 2650 de
882 2611 1091 2651 notarum
1122 2606 1409 2650 metricarum
1440 2606 1612 2661 origine
1642 2619 1879 2662 perperam
1900 2605 2014 2648 iudi-

455 2689 582 2718 casse
613 2676 871 2730 Bergkium,
912 2689 1012 2719 cum
1046 2676 1093 2718 in
1126 2675 1506 2718 commentatione
1542 2675 1598 2718 de
1634 2674 1758 2718 Atilii
1794 2674 2014 2718 Fortuna-

454 2744 564 2787 tiani
595 2745 709 2788 libro
740 2745 961 2798 (beneficii
1012 2745 1406 2788 Thielemanniani
1437 2745 1534 2800 lege
1565 2744 1633 2787 ed.
1660 2744 1802 2787 Halae
1821 2757 1861 2787 a.
1886 2743 2013 2799 1863)

454 2827 495 2867 p.
526 2814 552 2854 6
585 2818 703 2856 certe
735 2814 968 2856 scaenicos
1000 2818 1157 2868 poetas
1184 2817 1226 2856 et
1258 2826 1472 2868 suppares
1503 2815 1649 2856 aetate
1679 2811 1864 2855 melicos
1896 2814 2014 2856 stro-

574 2963 596 3005 ¹)
630 2964 666 2998 in
692 2964 807 2999 diario
836 2965 1042 3010 antiquitat.
1074 2977 1107 3000 a.
1139 2965 1228 3000 1845
1259 2964 1318 3000 Nr.
1347 2965 1399 3000 11.
1429 2964 1590 3006 14-17,
1623 2973 1720 3009 quae
1752 2960 2012 2999 commentatio

454 3029 550 3055 nunc
577 3022 709 3065 legitur
733 3023 768 3057 in
796 3023 961 3058 eiusdem
987 3035 1111 3069 opusc.
1136 3024 1149 3058 Ι
1176 3035 1209 3067 p.
1235 3023 1305 3058 580
1330 3033 1411 3069 sqq.
