2196 3438
1125 313 1303 378 „310

476 454 520 495 et
549 450 806 510 μεταβολικοί
837 451 973 495 addit.
1033 453 1178 508 Atque
1209 453 1410 496 carmina
1447 449 1690 509 ἀμετάβολα
1729 466 1822 497 non
1858 451 2037 498 diversa

478 534 581 564 esse
610 535 637 564 a
666 522 887 576 poematis
922 519 1033 563 κατὰ
1070 520 1213 579 στίχον
1251 521 1514 577 compositis
1561 523 1605 564 et
1640 534 1723 576 per
1757 535 1807 566 se
1843 533 2037 567 consen-

478 594 661 633 taneum
693 594 761 633 est
792 594 835 633 et
865 590 1152 645 Aphthonius
1183 591 1278 646 ipse
1308 591 1561 646 profitetur:
1599 590 1799 646 sequitur
1835 594 1885 635 ut
1912 604 2038 649 μιτα-

475 657 625 716 βολικοὶ
655 660 1038 714 comprehendant
1069 663 1113 703 et
1134 660 1420 715 systematica
1441 663 1485 703 et
1506 660 1659 703 mixta.
1709 659 1800 704 Sed
1819 659 2035 717 inspicias

474 730 605 772 velim
651 729 797 772 locum
843 729 901 771 ad
946 742 1078 784 quem
1122 729 1259 772 verba
1303 730 1363 784 (p.
1401 730 1471 781 57,
1505 729 1557 771 13
1596 729 1682 784 sq.)
1721 729 1898 785 „qualia
1933 742 2036 774 esse

473 798 640 852 tragica
671 802 715 840 et
745 797 917 841 comica
946 798 1079 852 paulo
1109 801 1216 841 ante
1246 798 1518 842 memoravi“
1545 810 1630 840 nos
1652 810 1863 842 revocare
1880 797 2037 843 viden-

474 870 556 909 tur.
616 867 708 909 Illic
747 868 807 922 (p.
846 868 915 919 50,
951 868 1134 920 10-32)
1171 867 1292 910 enim
1331 870 1541 923 quattuor
1578 869 1825 911 metrorum
1861 866 2035 923 species

474 936 803 988 describuntur,
835 949 1023 991 quarum
1053 936 1199 991 prima
1229 936 1392 980 dicitur
1422 937 1561 991 epica‚
1592 936 1734 979 altera
1761 934 1921 980 melica
1939 935 2036 980 sive

473 1005 621 1059 lyrica,
652 1005 784 1048 tertia
813 1005 995 1059 tragica,
1027 1008 1186 1060 quarta
1216 1005 1406 1049 comica:
1439 1019 1550 1061 quas
1574 1007 1782 1048 accurate
1801 1004 2035 1061 amplexus

475 1074 519 1116 in
563 1078 822 1129 poematum
868 1074 1102 1129 speciebus
1156 1074 1486 1130 distinguendis
1541 1075 1735 1129 scriptor
1782 1073 2035 1129 exemplum

473 1144 644 1197 profert
677 1144 925 1187 carminum
954 1141 1067 1186 κατὰ
1097 1142 1239 1200 στίχον
1277 1144 1346 1186 vel
1385 1141 1657 1200 ἀμεταβόλων
1693 1145 1912 1195 „metrum
1941 1141 2036 1198 epi-

474 1216 617 1264 cum“‚
664 1214 1051 1268 systematicorum
1089 1226 1142 1256 ea
1187 1226 1328 1268 „quae
1365 1212 1485 1268 apud
1529 1212 1691 1268 lyricos
1740 1211 2035 1264 invenimus“‚

473 1281 759 1339 μεταβολικῶν
789 1285 932 1325 metra
962 1283 1162 1337 „tragica
1191 1285 1236 1325 et
1267 1282 1480 1325 comica“.
1531 1281 1748 1325 Consulto
1771 1280 1907 1336 igitur
1936 1280 2036 1324 sine

473 1351 608 1394 dubio
639 1365 682 1406 p.
713 1352 782 1404 57,
813 1352 839 1394 2
881 1352 978 1394 sola
1017 1351 1219 1394 carmina
1256 1351 1411 1406 lyrica,
1449 1364 1492 1405 p.
1523 1351 1592 1402 57,
1629 1350 1681 1393 13
1727 1350 1825 1394 sola
1866 1349 2036 1405 tragica

472 1424 513 1463 et
547 1421 719 1463 comica
757 1420 987 1472 excitavit,
1033 1434 1134 1463 cum
1178 1423 1438 1475 poematum
1483 1419 1658 1475 species
1695 1418 1755 1462 ad
1790 1421 2035 1463 metrorum

474 1490 724 1544 specierum
753 1489 1094 1533 similitudinem
1116 1490 1313 1545 fingeret.
1357 1490 1509 1544 Itaque
1534 1489 1573 1532 si
1594 1501 1646 1531 ac
1663 1491 1815 1532 curate
1836 1487 2036 1532 scribere

472 1559 708 1610 voluisset,
739 1556 998 1616 μεταβολικοὶ
1030 1558 1187 1602 eadem
1224 1572 1325 1601 esse
1354 1562 1487 1613 atque
1516 1558 1656 1600 mixta
1688 1557 1856 1601 diserte
1885 1556 2034 1600 dicere

473 1628 644 1671 debuit:
691 1641 961 1683 quamquam
991 1640 1159 1670 nomen
1198 1625 1455 1684 μεταβολικά
1493 1627 1551 1670 ad
1588 1626 1741 1670 omnia
1777 1626 1901 1670 iuxta
1937 1638 2036 1670 car-

472 1697 608 1750 mina,
639 1710 751 1752 quae
782 1710 875 1740 non
907 1700 1011 1740 sunt
1040 1694 1152 1738 κατά
1182 1696 1338 1753 στίχον,
1369 1696 1590 1751 quadrare
1626 1698 1763 1751 patet.
1823 1693 2036 1739 Carmina

472 1764 596 1822 μικτά
625 1767 694 1808 vel
725 1766 875 1820 potius
907 1765 1030 1822 μικτὰ
1060 1764 1207 1822 γενικά
1239 1765 1514 1820 Hephaestio
1546 1778 1646 1808 esse
1677 1764 1791 1808 dixit
1818 1763 1880 1819 (p.
1905 1762 1968 1807 lx
1986 1762 2034 1818 4)

470 1833 543 1885 τὰς
572 1833 806 1891 τραγῳδίας
835 1837 879 1878 et
907 1832 982 1886 τὰς
1009 1833 1192 1885 παλαιὰς
1229 1833 1464 1891 κωμῳδίας,
1502 1833 1735 1877 Menandri
1771 1835 1922 1876 autem
1957 1844 2033 1875 co-

474 1903 675 1946 moedias
706 1904 870 1946 mixtas
902 1917 1003 1947 esse
1033 1901 1145 1946 κατὰ
1174 1902 1317 1960 στίχον
1346 1903 1406 1958 (p.
1427 1903 1486 1946 XI
1505 1904 1563 1955 6).
1623 1903 1791 1946 Contra
1817 1900 2034 1944 Victorini

471 1976 628 2015 auctor
657 1972 713 2015 de
744 1972 967 2016 industria
996 1973 1127 2015 docet
1159 1971 1445 2029 μεταβολικῶν
1475 1985 1642 2015 nomen
1673 1984 1766 2014 non
1796 1970 1944 2014 solum
1974 1969 2035 2013 ad

472 2042 667 2097 reliquas
711 2042 899 2094 fabulas,
946 2042 1027 2085 sed
1072 2042 1208 2085 etiam
1251 2042 1308 2084 ad
1352 2041 1588 2084 Menandri
1628 2039 1886 2084 comoedias
1930 2051 2034 2094 per·-

472 2112 628 2154 tinere.
703 2111 978 2154 Vocabulum
1027 2111 1255 2166 „epodoe“
1301 2125 1344 2166 p.
1390 2111 1465 2163 57,
1511 2111 1536 2153 3
1579 2109 1892 2165 Aphthonium
1939 2120 2034 2151 non

474 2193 602 2222 secus
634 2182 766 2235 atque
786 2194 829 2235 p.
850 2181 920 2232 59,
945 2181 1011 2223 14.
1032 2181 1087 2223 23
1118 2180 1176 2223 ad
1205 2180 1418 2223 universa
1448 2180 1648 2223 carmina
1677 2178 1865 2234 epodica
1894 2179 2035 2221 rettu-

472 2249 579 2292 lisse
611 2250 712 2292 ideo
751 2250 986 2304 probabile
1022 2250 1083 2301 fit,
1121 2249 1225 2305 quia
1262 2262 1419 2292 versus
1455 2248 1631 2303 epodici
1660 2248 1794 2303 paulo
1822 2249 1929 2302 post
1957 2259 2034 2290 ex-

472 2318 707 2372 plicantur.
768 2319 975 2373 Syzygias
1006 2318 1067 2373 (p.
1089 2319 1157 2370 57,
1184 2319 1232 2372 4)
1262 2332 1355 2361 non
1384 2317 1600 2372 appellari
1629 2317 1839 2360 binorum
1867 2315 2032 2371 pedum

472 2387 809 2442 coniugationes
843 2388 888 2430 in
918 2391 1129 2442 promptu
1165 2390 1246 2430 est.
1314 2388 1454 2430 Immo
1493 2387 1775 2429 illustrantur
1811 2385 1889 2429 illa
1922 2396 2033 2428 voce

473 2458 607 2499 verba
636 2471 680 2511 p.
703 2457 772 2509 57,
793 2457 819 2499 2
850 2470 915 2512 sq.
948 2470 1090 2512 „quae
1111 2470 1166 2499 ex
1186 2457 1389 2511 pluribus
1410 2457 1567 2499 metris
1589 2489 1599 2499 .
1617 2489 1627 2498 .
1643 2489 1654 2499 .
1676 2453 2032 2508 continentur‘ss)

473 2529 516 2567 et
547 2525 793 2579 explicatur
823 2528 992 2568 certum
1024 2526 1133 2569 artis
1163 2526 1430 2568 vocabulum
1460 2520 1749 2581 συστηματικοὶ
1777 2536 1872 2567 non
1900 2534 2031 2566 secus

472 2597 605 2649 atque
635 2595 754 2649 apud
784 2594 1167 2649 Hephaestionem
1196 2608 1240 2649 p.
1269 2595 1360 2637 VIII
1390 2596 1409 2637 1
1443 2593 1635 2651 σύστημα
1664 2592 1881 2636 vocabulo
1910 2605 2032 2635 συνα-

470 2660 604 2718 γωγή.
636 2663 753 2722 ‚Iam
786 2665 952 2707 Caesar
982 2665 1157 2707 monuit
1187 2665 1307 2719 apud
1345 2664 1637 2707 Heliodorum
1675 2663 1863 2706 alteram
1899 2674 2031 2717 para-

471 2732 635 2774 baseos
655 2736 829 2786 partem
851 2733 1000 2776 vocari
1023 2732 1219 2789 συζυγίαν
1240 2730 1578 2790 ὲπιρρηματικήν,
1611 2732 1691 2775 sed
1714 2731 1850 2774 etiam
1870 2730 2030 2774 melius

591 2951 616 2995 ι)
642 2952 686 2986 ct
712 2951 830 2996 Heph.
863 2963 896 2996 p.
922 2951 971 2987 111
1005 2953 1046 2987 12
1079 2953 1320 2997 συστηματικά
1350 2954 1390 2987 δὲ
1414 2951 1482 2987 ὅσα
1512 2949 1581 2986 ὕπὸ
1613 2950 1734 2986 πλειόν
1716 2962 1782 2984 ννω
1814 2952 1950 3025 μέτρων
1979 2951 2031 2992 εἰς

472 3010 508 3043 ἓν
532 3011 633 3052 σῶμα
659 3016 759 3044 (ze
816 3012 900 3051 συυζ
881 3013 961 3054 υαγί
963 3011 992 3054 ν)
1017 3013 1324 3055 παραληφθέντων
1348 3039 1355 3047 ,
1384 3036 1391 3043 .
1418 3036 1426 3043 .
1452 3009 1727 3055 συμπληροῦται.
