2196 3438
958 282 984 328 7

39 409 55 467 ἶ
70 414 92 443 ·’
123 433 133 440 ·
157 418 264 469 Tu
287 433 350 467 cix
378 421 480 478 ipso
509 421 551 465 Α
582 435 683 469 esse
713 422 941 466 derivatos
970 434 1139 477 eosque
1178 423 1313 466 etiam
1355 436 1446 467 una
1483 437 1583 468 cum
1612 424 1652 467 A
1682 426 1739 468 ad

36 493 115 552 ’ᾗῑῇ
177 485 530 549 mnis
583 492 720 535 verba
761 490 1123 535 reconcinnanda
1161 492 1446 547 usurpandos
1487 506 1588 536 esse
1632 506 1737 536 con-

43 554 79 619 j*
148 598 153 603 .
178 558 352 613 “afflig
379 572 463 616 ogo
494 573 573 604 cur
602 560 877 605 contrarium
908 560 1100 603 sentiam
1132 574 1266 616 supra
1298 561 1391 605 dixi
1422 575 1566 618 neque
1598 563 1644 606 in
1671 563 1737 606 eis

43 629 51 638 '
150 620 299 687 'Q
324 628 474 673 adhuc
503 632 639 673 notae
670 632 778 674 sunt
807 641 963 672 eorum
985 629 1190 672 codicum
1211 630 1428 674 lectiones
1449 631 1738 687 deprehendi,

180 697 297 756 Ἆῃο
335 709 464 743 meae
501 698 752 743 sententiae
780 701 1043 754 repugnent.
1106 698 1217 742 Nam
1248 700 1368 755 quod
1398 713 1441 755 p.
1472 700 1514 753 8,
1548 701 1659 744 1—4
1687 700 1735 743 G.

179 765 428 823 (uas-18
446 767 536 822 W.)
555 766 836 812 Gaisfordius
857 770 903 811 et
919 767 1225 822 Westphalius
1247 769 1383 812 verba
1401 770 1476 812 καὶ
1501 794 1540 800 -
1560 767 1736 824 meviam,

179 847 301 894 w
326 836 378 881 in
406 836 518 881 solis
548 835 778 881 codicibus
807 848 831 879 c
854 833 894 878 Ο
908 834 954 878 P
979 836 1148 888 insunt,
1180 837 1227 880 in
1257 840 1429 881 textum
1459 841 1737 893 receperunt,

175 905 648 963 porpenmfecerunt.
676 904 808 961 Apud
831 905 1198 949 Choeroboscum
1219 919 1261 961 p.
1282 907 1352 958 40,
1376 907 1546 950 20-28
1560 907 1736 958 lemma

180 977 235 1021 ιθ
250 972 491 1028 iudicum,
513 975 635 1032 quod
656 975 744 1019 huc
768 978 941 1031 spectat
965 976 1011 1019 in
1027 976 1125 1019 solo
1143 976 1296 1019 codice
1323 974 1535 1032 Ulegitur
1551 979 1596 1019 et
1612 989 1670 1019 ne
1689 977 1736 1019 in

179 1044 249 1107 ’ῥα
251 1042 446 1105 m
476 1057 531 1088 ea
545 1044 602 1088 de
620 1044 782 1101 quibus
797 1045 943 1100 agitur
959 1044 1163 1100 exempla
1182 1044 1592 1100 deprehenduntur.
1650 1045 1737 1088 Ne-

278 1105 704 1170 Ubfluphaestione
734 1127 787 1157 ea
808 1114 1010 1170 profecta
1027 1116 1143 1164 sunt,
1169 1114 1249 1157 sed
1273 1127 1326 1158 ex
1350 1114 1535 1158 scholiis
1551 1114 1699 1158 male
1689 1127 1734 1157 in

22 1235 23 1238 Ἴ
94 1244 104 1251 ι
135 1230 164 1251 ,ὲ
336 1180 602 1227 vcrbormn
640 1186 900 1227 contextum
939 1183 1227 1238 irrepserunt.
1296 1182 1577 1239 Quamquam
1615 1183 1735 1228 enim

103 1241 152 1278 3
240 1300 243 1301 ⁷
387 1254 510 1296 recte
553 1251 697 1307 Denig
740 1252 768 1295 l.
808 1264 844 1295 c.
882 1265 925 1307 p.
968 1253 1033 1303 15,
1071 1255 1122 1295 ut
1151 1252 1303 1308 spuria
1333 1265 1387 1295 ea
1417 1265 1518 1295 esse
1548 1252 1735 1296 demon-

7 1335 30 1372 j
26 1253 157 1386 G
178 1315 361 1374 m,
387 1321 447 1365 ad
467 1321 637 1364 codicis
659 1319 953 1365 Glectionem
984 1334 1099 1377 quae
1127 1324 1196 1364 est
1223 1334 1267 1376 p.
1290 1321 1330 1372 7,
1357 1322 1376 1364 1
1410 1321 1459 1364 G.
1491 1321 1626 1375 (5,12
1645 1321 1734 1374 W.)

4 1394 22 1446 j
104 1404 126 1431 ρ
184 1388 232 1435 bt
255 1392 343 1442 τοῖς
366 1388 595 1446 φιμέτροις
632 1390 807 1444 refugit,
838 1389 1051 1445 quoniam
1081 1389 1194 1433 haec
1223 1389 1355 1432 lectio
1385 1402 1412 1432 a
1443 1389 1597 1433 codice
1627 1388 1668 1432 A
1691 1392 1734 1433 et

120 1508 125 1514 „
135 1453 495 1522 ·‹Rhmomsci
533 1458 687 1502 codice
735 1457 781 1502 U
810 1461 867 1510 et,
900 1459 938 1502 si
967 1458 1104 1502 modo
1125 1458 1380 1502 Gaisfordio
1416 1458 1550 1502 fidem
1580 1459 1734 1508 habes,

175 1526 321 1578 ‘dion
361 1540 392 1572 a
425 1540 450 1571 c
485 1530 531 1572 et
568 1526 614 1570 P
651 1528 799 1572 aliena
828 1528 886 1571 ab
914 1541 1008 1572 uno
1039 1528 1209 1572 codicis
1242 1526 1282 1571 C
1305 1529 1489 1572 librario
1519 1528 1622 1572 ficta
1651 1530 1733 1578 est,

180 1595 335 1643 tunm
353 1597 525 1653 optimo
545 1597 640 1640 iure
661 1611 715 1640 eo
739 1597 939 1641 offensus
960 1599 1043 1646 est,
1074 1597 1193 1653 quod
1224 1597 1314 1641 tria
1330 1597 1536 1653 exempla
1555 1597 1734 1641 eadem-

181 1676 270 1723 que
302 1676 491 1723 prorsus
526 1666 698 1722 pariter
734 1666 1016 1710 conformata
1052 1666 1111 1710 ad
1150 1666 1340 1710 eandem
1382 1680 1477 1710 rem
1507 1666 1734 1722 explican-

0 1678 16 1777 ξ,

180 1734 286 1780 hm
329 1738 655 1792 proponuntur.
728 1734 961 1778 Accedunt
1002 1735 1142 1779 verba
1184 1736 1259 1777 mi
1308 1733 1390 1792 μήν
1432 1734 1527 1789 καί,
1572 1735 1733 1791 quibus

177 1803 332 1850 simile
359 1804 631 1848 elocutionis
662 1817 803 1859 genus
834 1803 881 1847 in
911 1803 1163 1848 enchiridio
1194 1804 1360 1848 frustra
1389 1816 1592 1860 quaeras,
1623 1817 1735 1860 quae

184 1884 242 1919 eo
259 1873 319 1918 de
345 1885 435 1931 quo
456 1873 685 1930 quaeritur
713 1874 813 1916 loco
845 1886 898 1916 eo
929 1872 1073 1928 magis
1102 1872 1346 1917 offensioni
1376 1875 1495 1924 sunt,
1532 1872 1652 1929 quod
1682 1872 1736 1914 de

183 1942 386 1988 dudem
414 1942 593 1998 generis
624 1942 842 1998 exemplis
873 1945 917 1985 et
947 1942 1003 1986 de
1033 1955 1082 1986 re
1112 1941 1224 1985 satis
1252 1941 1361 1985 trita
1397 1954 1451 1985 ac
1479 1941 1736 1998 pervulgata

297 2080 515 2126 Similiter
543 2079 831 2124 iudicandum
862 2083 931 2123 est
961 2080 1016 2122 de
1047 2080 1146 2122 loco
1177 2079 1252 2135 qui
1283 2082 1353 2122 est
1382 2093 1424 2134 p.
1459 2080 1523 2130 10,
1553 2078 1666 2121 3-4
1685 2078 1735 2120 G.

185 2149 246 2205 (6,
262 2149 428 2194 16-17
458 2148 560 2204 W.).
621 2148 884 2204 Exemplum
915 2148 1036 2191 enim
1068 2148 1369 2204 Euripideum,
1401 2147 1521 2203 quod
1542 2160 1568 2189 a
1590 2146 1734 2190 Choe-

185 2218 379 2263 robosco
408 2217 470 2274 (p.
496 2218 568 2270 43,
603 2219 787 2273 16-20)
816 2217 1014 2260 alienum
1045 2217 1091 2259 in
1124 2216 1358 2259 enchiridii
1391 2216 1620 2259 codicibus
1650 2227 1672 2256 c
1702 2213 1740 2256 C

183 2287 357 2343 legitur,
387 2286 447 2330 ad
476 2286 802 2331 sententiarum
833 2299 1052 2329 conexum
1083 2285 1194 2328 satis
1225 2285 1341 2328 male
1363 2284 1565 2341 quadrat.
1623 2283 1734 2327 Nam

184 2355 296 2400 illud
338 2354 397 2398 de
439 2367 529 2411 quo
573 2355 719 2410 agitur
764 2355 959 2410 syllabae
990 2354 1241 2398 communis
1271 2366 1411 2409 genus
1443 2353 1490 2396 in
1519 2352 1734 2396 trimetris

184 2424 390 2470 iambicis
418 2435 651 2468 occurrere
682 2423 769 2467 iam
809 2437 851 2479 p.
881 2424 922 2474 6,
963 2423 987 2467 7
1019 2437 1118 2479 sqq.
1149 2423 1199 2466 G.
1228 2423 1287 2476 (5,
1324 2423 1352 2465 8
1390 2436 1486 2478 sqq.
1518 2421 1605 2471 W.)
1645 2421 1734 2464 He-

183 2492 393 2551 phaestio
430 2492 647 2536 docuerat
681 2492 975 2548 exemploque
1005 2491 1357 2542 confirmaverat,
1397 2491 1470 2533 hic
1500 2503 1579 2533 eos
1609 2489 1735 2532 locos

184 2562 412 2619 proponit,
442 2562 604 2618 quibus
635 2562 830 2617 scriptor
844 2561 1076 2617 syllabam
1108 2573 1391 2604 communem
1422 2561 1498 2602 aut
1529 2558 1734 2602 consulto

184 2630 366 2676 evitavit
410 2634 486 2674 aut
523 2631 682 2674 saltem
721 2630 889 2674 diserte
926 2630 1203 2685 significavit.
1271 2629 1411 2672 Immo
1442 2628 1528 2671 hoc
1558 2640 1734 2683 quoque

185 2700 452 2757 exemplum,
497 2699 616 2755 quod
659 2700 731 2743 hic
775 2711 1010 2755 perperam
1056 2698 1102 2741 in
1134 2701 1302 2742 textum
1349 2697 1542 2752 irrepsit,
1573 2696 1732 2739 scholii

184 2769 329 2814 instar
371 2769 428 2812 ad
472 2782 515 2824 p.
562 2769 602 2818 8,
651 2769 760 2811 1-—4
795 2768 846 2811 G.
884 2768 942 2822 (5,
992 2767 1184 2811 15—18
1224 2767 1312 2820 W.)
1349 2765 1575 2821 appictum
1627 2767 1735 2814 erat,

185 2837 249 2883 ita
283 2840 333 2882 ut
369 2837 458 2881 illic
497 2837 741 2881 scholiasta
776 2836 983 2892 Aeschyli
1021 2836 1168 2879 versui
1208 2836 1264 2878 ab
1296 2834 1629 2890 Hephaestione
1667 2846 1736 2877 ex·

184 2907 321 3019 {ilisto
352 2906 554 2962 singulos
585 2919 741 2951 versus
772 2905 1012 2962 Sophoclis
1052 2904 1277 2960 Euripidis
1308 2901 1626 2958 Aristophanis
1657 2901 1734 2945 ad-

218 2974 229 2985 '
264 2975 362 3019 erit.
