2196 3438
887 325 1131 389 ἶιιίἶ

236 462 490 519 nuonihm
507 457 890 521 respondentibus
917 468 1157 520 praecepta
1186 466 1410 510 adiecerit.
1457 468 1547 511 Sed
1569 471 1613 511 et
1633 469 1688 511 de
1710 471 1793 512 hac

237 536 305 579 ffl
315 535 362 578 et
390 533 447 577 de
478 534 554 578 illa
583 534 770 579 notione
799 547 933 590 quam
971 535 1185 589 strophae
1220 535 1462 580 vindicavit
1489 538 1672 581 Crusius
1702 538 1731 581 l.
1756 552 1792 581 c.

233 607 290 660 pt·
310 602 387 656 19,
423 615 538 658 quae
571 602 640 646 vis
677 602 827 659 potius
864 603 1052 659 periodo
1092 604 1293 648 subiecta
1331 618 1431 648 esse
1460 606 1655 658 videtur,
1694 620 1792 651 cum

235 662 425 729 stropha
443 672 690 728 antiquitus
711 684 811 715 cum
839 672 1126 728 antistropha
1155 674 1395 718 coniuncta
1424 674 1569 726 fuerit,
1601 676 1793 720 sortasse

238 741 353 787 dh!
380 742 584 797 pluribus
614 741 935 797 disputabitur,
975 755 1093 785 nunc
1131 743 1218 786 hoc
1253 757 1391 787 unum
1428 745 1671 789 adnotasse
1706 747 1793 788 sut*-

233 810 478 856 flehtmon
507 823 666 855 omnes
705 810 806 854 illos
844 810 971 854 locos
1018 814 1138 854 recta
1181 812 1253 855 via
1291 826 1344 856 ex
1381 814 1626 858 Ptolemaei
1665 815 1792 858 libris

234 886 346 926 eme
366 879 599 934 deductos,
630 880 711 924 sed
740 883 966 935 receptam
1005 880 1142 924 fuisse
1171 882 1417 926 Ptolemaei
1449 883 1792 938 explicationem

233 949 512 1007 woeriptore
541 949 749 1006 quodam,
781 949 856 1005 qui
885 950 1186 1005 posteriorum
1219 952 1498 995 saeculorum
1534 953 1793 996 hominibus

232 1010 477 1065 fflodum
506 1018 554 1062 in
594 1017 766 1062 deliciis
804 1018 950 1061 fuerit.
1016 1018 1080 1061 De
1117 1019 1362 1063 Heliodoro
1399 1023 1584 1076 propter
1619 1024 1792 1077 tempo-

233 1092 333 1134 Μ
359 1087 597 1133 ‘rationem
640 1088 715 1131 vix
761 1087 1048 1143 cogitaveriS,
1099 1091 1256 1131 contra
1304 1089 1361 1131 ad
1409 1090 1790 1145 Hephaestionem

230 1151 472 1216 pffloe‘ipue
509 1157 702 1201 Ioannes
741 1157 954 1201 Siceliota
990 1157 1045 1199 VI
1086 1158 1179 1210 128,
1219 1158 1271 1200 16
1309 1173 1406 1214 sqq.
1452 1172 1536 1202 nos
1583 1173 1791 1204 revocare

230 1219 467 1282 Memfi).
540 1226 693 1282 Neque
738 1226 913 1270 scholia
956 1226 1213 1279 Pindarica‚
1265 1228 1425 1282 quihus
1469 1242 1578 1271 usus
1624 1233 1692 1272 est
1736 1230 1790 1272 Is.

229 1286 431 1349 Pteme,
462 1307 608 1352 neque
637 1295 811 1339 metrici
849 1295 979 1339 latini
1017 1309 1162 1351 neque
1199 1297 1451 1340 Demetrius
1491 1298 1732 1341 Triclinius
1763 1312 1790 1341 a

229 1364 438 1411 doctrina
456 1365 821 1421 Hephaestionea
849 1365 1110 1408 abhorrent.
1159 1366 1288 1408 Nulla
1319 1379 1418 1408 cum
1449 1366 1632 1421 reliquis
1664 1368 1791 1410 testi-

229 1431 398 1479 moniis
428 1433 697 1490 cognatione
727 1433 1017 1477 continentur
1053 1434 1194 1490 Etym.
1233 1435 1287 1477 M.
1329 1449 1363 1477 s.
1394 1448 1434 1477 v.
1472 1432 1702 1492 προσῳδιον
1746 1439 1790 1479 et

228 1505 447 1549 &metatus
477 1517 504 1547 a
532 1503 730 1547 Nauckio
760 1503 790 1546 l.
822 1517 859 1546 c.
891 1503 1051 1547 editus.

300 1584 301 1587 ’
342 1572 560 1617 Victorini
590 1574 686 1629 περὶ
713 1570 945 1630 ποιήματος
974 1573 1226 1616 doctrinam
1256 1574 1619 1628 Hephaestionea
1648 1575 1788 1617 multo

230 1648 334 1688 ense
362 1641 684 1698 simpliciorem
716 1642 891 1685 censuit
916 1642 1169 1686 Schultzius
1195 1657 1236 1698 p.
1257 1643 1326 1695 46,
1357 1656 1438 1698 ego
1469 1643 1599 1686 aliter
1629 1643 1787 1686 sentio.

228 1711 364 1767 Quae
389 1724 433 1768 p.
472 1711 542 1764 56,
572 1712 778 1764 22—57‚
808 1711 835 1755 5
871 1712 1079 1767 leguntur
1115 1725 1206 1755 uno
1244 1715 1390 1755 κοινῶν
1425 1725 1587 1767 genere
1617 1713 1786 1755 omisso

227 1781 293 1827 ab
311 1780 651 1837 Hephaestione
681 1780 939 1832 discedunt;
978 1794 1091 1837 quae
1122 1781 1177 1824 de
1208 1781 1407 1836 epodicis
1438 1783 1482 1824 et
1513 1781 1786 1824 carminibus

225 1847 340 1895 ned
378 1847 613 1906 περικοπὴν
649 1862 676 1892 a
705 1849 936 1893 Victorino
980 1850 1239 1901 traduntur,
1278 1850 1612 1904 Hephaestione
1651 1851 1784 1893 etiam

226 1919 448 1976 ampliora
478 1921 524 1963 et
552 1918 832 1962 intricatiora
870 1922 987 1962 sunt.
1057 1919 1187 1971 Quod
1223 1920 1587 1974 Hephaestionea
1625 1920 1784 1963 carmi-

227 2002 336 2034 num
375 1988 764 2045 systematicorum
804 1988 965 2031 divisio
1007 1989 1146 2039 deest,
1193 2002 1285 2031 non
1330 1991 1421 2031 tam
1466 2001 1625 2043 graeco
1671 1990 1783 2031 fonti

227 2070 362 2116 quam
390 2057 654 2114 Aphthonio
687 2058 757 2100 vel
788 2058 883 2100 eius
915 2058 1086 2100 auctori
1118 2057 1344 2109 dabimus,
1383 2058 1457 2112 qui
1495 2058 1701 2100 consulto
1732 2070 1784 2100 ea

225 2129 422 2180 tantum,
467 2139 581 2183 quae
626 2126 711 2182 ipsi
757 2126 1021 2182 gravissima
1067 2127 1353 2177 videbantur,
1398 2126 1445 2168 in
1490 2126 1630 2168 libros
1677 2139 1782 2168 suos

226 2196 470 2242 transtulit.
515 2196 791 2251 Hephaestio
811 2209 967 2239 versus
990 2196 1216 2251 epodicos‚
1238 2194 1424 2251 ἐφύμνια,
1447 2184 1783 2251 ἑπιφθεγματικοὶ

225 2265 420 2319 addidit,
456 2268 507 2310 ut
542 2265 668 2309 varia
703 2264 785 2308 τῶν
822 2262 1162 2321 ἀναφωνημοίτων
1199 2265 1257 2320 (p.
1293 2265 1409 2307 XXII
1441 2264 1465 2306 7
1498 2265 1582 2319 sq.)
1619 2277 1783 2318 genera

225 2335 483 2392 explicaret,
503 2334 760 2378 Victorinus
785 2348 871 2390 qua
900 2334 972 2376 via
1002 2334 1059 2376 ad
1091 2330 1263 2390 ἐφύμνια
1293 2334 1351 2387 (ρ.
1374 2334 1443 2385 59,
1467 2333 1540 2385 24)
1571 2333 1781 2388 delapsus

225 2404 307 2458 sit,
347 2403 516 2460 optime
561 2404 852 2458 intellegitur,
899 2403 936 2445 si
977 2402 1212 2445 statuimus
1260 2402 1304 2444 in
1343 2402 1438 2444 eius
1483 2401 1607 2444 sonte
1645 2402 1780 2445 fuisse

222 2473 356 2531 plura
402 2485 544 2529 eaque
590 2473 939 2528 Hephaestionis
990 2471 1263 2515 enarrationi
1324 2470 1498 2514 similia.
1572 2471 1637 2513 De
1682 2471 1781 2514 uni-

222 2555 381 2587 versae
425 2541 658 2585 doctrinae
697 2541 844 2585 causis
889 2540 1266 2594 incrementisque
1303 2553 1358 2583 ex
1397 2539 1626 2582 Victorino
1669 2539 1779 2582 nihil

223 2611 318 2656 fere
356 2610 586 2655 discimus.
653 2610 718 2654 De
763 2610 1010 2653 carminum
1055 2607 1165 2651 κατὰ
1209 2607 1350 2665 στίχον
1388 2611 1431 2651 et
1466 2608 1782 2665 συστηματικῶν

223 2680 516 2726 distinctione
545 2679 634 2723 iam
665 2680 747 2735 egi.
808 2679 931 2732 Quae
962 2678 1017 2721 de
1057 2678 1268 2733 strophae
1307 2677 1616 2731 antistrophae
1647 2677 1778 2732 epodi

222 2749 590 2807 pronuntiatione
620 2749 920 2804 proferuntur,
952 2760 1005 2790 ex
1037 2746 1146 2790 solis
1179 2745 1435 2790 nominibus
1464 2760 1490 2788 a
1518 2746 1779 2801 posteriori-

221 2819 308 2864 bus
338 2832 439 2863 esse
476 2818 675 2862 derivata
714 2830 813 2859 cum
853 2816 1010 2860 Crusio
1047 2816 1092 2869 (Ι.
1125 2830 1161 2858 c.
1192 2829 1234 2871 p.
1271 2816 1338 2869 14)
1375 2815 1631 2867 consentio,
1678 2829 1777 2859 cum

341 2981 369 3027 ¹)
393 2980 684 3018 Commentarius
715 2990 788 3025 quo
821 2978 1009 3023 Longinus
1034 2977 1320 3023 Hephaestionis
1344 2976 1583 3013 enchiridium
1610 2976 1778 3014 instruxit

223 3050 335 3087 saepe
359 3038 407 3075 ab
431 3037 672 3083 Hermogenis
698 3035 907 3074 scholiastis
933 3035 1135 3081 exscriptus
1160 3038 1227 3071 est.
