2196 3438
952 323 1002 366 91

194 460 323 526 ”fle
339 462 608 519 antispasto
628 463 696 506 rin
737 475 914 507 errores
959 462 1245 515 abducamur,
1288 466 1339 506 ut
1380 462 1586 518 primitus
1623 461 1759 516 pedes

197 525 519 579 modo
576 532 784 575 binarum
842 534 888 575 et
937 534 1166 575 ternarum
1217 532 1487 587 syllabarum
1537 530 1757 586 propositi

198 596 427 655 mhi-¹)
482 600 668 644 Accedit
697 601 817 656 quod
845 600 892 643 in
923 599 1079 643 eadem
1109 600 1315 643 doctrina
1346 599 1530 643 nomina
1562 598 1760 656 βακχεῖος

201 670 260 716 bt·
289 674 459 727 χορεῖος
493 670 678 725 antiquo
715 682 842 713 more
877 681 958 724 pro
994 689 1102 703 --ν
1131 672 1177 712 et
1203 690 1271 703 -ν
1303 671 1595 724 usurpantur,
1640 667 1759 723 quod

198 737 407 784 fidem
450 738 684 782 doctrinae
728 740 975 781 sectatores
1020 740 1126 780 sunt
1171 738 1312 780 Varro
1357 739 1402 780 et
1438 737 1616 787 Cicero,
1660 748 1760 778 cum

107 803 117 818 ⁴
197 805 391 853 mnus
419 806 621 851 asseclae
648 807 842 862 primum
862 820 905 861 p.
926 805 1032 849 Chr.
1058 819 1100 849 n.
1133 806 1358 849 saeculum
1382 818 1475 849 non
1496 803 1761 861 superent.⁸)

199 873 354 933 iique
382 879 504 920 recte
534 875 714 932 quidem
742 876 832 919 Leo
862 875 922 931 (p.
944 875 1046 929 300)
1075 875 1255 930 negavit
1278 875 1414 918 licere
1434 878 1625 918 metrum
1645 873 1761 917 anti-

200 944 455 1003 ffleum
484 957 540 988 ex
571 945 776 988 doctrina
806 947 1052 987 metrorum
1081 944 1368 999 physicorum
1393 944 1520 999 quasi
1541 941 1760 998 sequioris

199 1012 394 1059 auem
413 1012 768 1058 additamentum
797 1012 1007 1065 eximere,
1036 1012 1117 1055 sed
1136 1012 1346 1055 universa
1366 1012 1485 1055 illius
1506 1012 1762 1054 coniectura

198 1081 328 1128 Md
353 1081 451 1126 seio
480 1094 540 1125 an
568 1094 663 1125 non
702 1081 1042 1125 commendetur
1078 1095 1147 1133 eo,
1180 1081 1300 1137 quod
1329 1081 1451 1124 illam
1480 1080 1609 1136 pedis
1646 1079 1762 1123 anti·

200 1150 351 1208 indi
377 1151 469 1195 vim
498 1153 631 1206 atque
661 1150 892 1194 notionem
923 1151 1012 1193 iam
1041 1151 1184 1193 altero
1214 1164 1253 1193 a.
1281 1149 1385 1193 Chr.
1411 1163 1454 1193 n.
1486 1149 1664 1193 saeculo
1694 1148 1762 1191 in-

203 1222 342 1266 mte
359 1219 419 1264 ab
429 1219 748 1264 Alexandrinis
763 1219 1073 1274 excogitatam,
1088 1223 1193 1274 post
1210 1219 1416 1262 consulto
1431 1232 1460 1262 a
1474 1218 1761 1273 Pergamenis

202 1289 429 1335 {bledam
457 1289 598 1332 fuisse
629 1288 816 1331 censuit.
874 1288 1121 1343 Praecepta
1139 1288 1419 1331 Varroniana
1446 1301 1475 1331 a
1503 1287 1763 1331 rhetoribus

200 1358 448 1417 janeeipue
475 1371 504 1401 a
530 1357 768 1408 Cicerone,
804 1357 1018 1412 Dionysio
1055 1357 1444 1407 Halicarnasensi,
1483 1355 1761 1408 Quintiliano

207 1426 256 1473 ln
283 1429 407 1472 mes
437 1429 619 1481 recepta
647 1438 749 1469 esse
771 1425 860 1469 iam
879 1426 1185 1481 Westphalius
1205 1425 1316 1468 vidit
1335 1429 1469 1480 atque
1489 1426 1577 1468 hoc
1597 1425 1762 1467 factum

201 1496 587 1541 *sanctoribus
607 1493 897 1548 Pergamenis
916 1494 1006 1537 Leo
1028 1494 1368 1548 demonstravit,
1400 1493 1481 1537 sed
1511 1493 1762 1536 doctrinam

107 1584 111 1588 ·
203 1565 332 1610 illan
368 1578 398 1609 a
431 1563 722 1620 Pergamenis
768 1563 878 1618 ipsis
923 1576 1024 1606 esse
1061 1563 1358 1618 excogitatam
1395 1575 1541 1618 neque
1584 1561 1764 1605 aliunde

205 1633 455 1679 derivatam
484 1632 607 1676 nullo
639 1631 759 1687 quod
789 1631 917 1674 video
941 1634 1204 1686 argumento
1225 1631 1546 1686 comprobavit.
1590 1630 1763 1674 Deinde

203 1709 257 1748 ut
298 1714 392 1747 non
435 1701 583 1745 dicam
628 1701 684 1743 de
727 1700 1002 1755 argumentis
1040 1713 1094 1743 ex
1133 1701 1338 1755 exempla
1381 1699 1598 1743 afferendi
1641 1711 1765 1742 more

202 1770 334 1829 qud
383 1770 615 1815 doctrinae
662 1770 967 1813 Varronianae
1010 1770 1209 1812 asseclas
1261 1769 1580 1824 conspiciendo
1626 1772 1670 1811 et
1712 1781 1765 1810 ex

203 1841 359 1887 ⁴Gnosii
387 1840 518 1884 Bassi
538 1839 835 1895 ¹peroratione
865 1838 936 1881 GL
966 1839 1021 1881 Vl
1050 1839 1148 1891 271,
1168 1839 1224 1881 23
1255 1852 1368 1893 sqq„
1398 1851 1485 1893 qua
1515 1838 1571 1880 de
1603 1837 1765 1880 rectius

209 1909 325 1955 mi
352 1908 576 1955 iudicasse
604 1908 781 1951 videtur
810 1907 1063 1951 Schultzius
1093 1907 1244 1950 Herm.
1275 1907 1304 1950 l.
1335 1919 1372 1950 c.
1401 1920 1445 1961 p.
1469 1907 1567 1958 280,
1600 1904 1767 1960 petitis,

212 1977 376 2035 quibus
405 1977 568 2033 opinor
598 1990 654 2019 ne
683 1977 774 2019 Leo
804 1976 983 2031 quidem
1019 1977 1206 2019 multum
1235 1976 1402 2027 tribuit,
1432 1974 1669 2029 Dionysius
1699 1986 1767 2024 eo,

210 2046 335 2104 quod
361 2046 437 2102 (de
466 2059 611 2101 comp.
641 2046 763 2088 verb.
794 2057 890 2100 cap.
920 2046 994 2099 25)
1032 2045 1079 2088 in
1109 2044 1313 2088 oratione
1341 2042 1691 2087 Demosthenica
1721 2041 1766 2084 in

211 2127 370 2160 versus
421 2113 711 2158 dissolvenda
768 2113 824 2156 de
872 2113 1062 2168 pedibus
1110 2112 1360 2156 adiciendis
1410 2115 1487 2155 aut
1534 2110 1767 2154 demendis

211 2185 350 2229 verba
390 2183 518 2234 facit,
563 2195 656 2226 non
701 2186 792 2226 tam
839 2182 1085 2226 luculenter
1128 2194 1262 2237 quam
1299 2181 1438 2225 Leoni
1477 2182 1538 2235 (p.
1568 2180 1654 2222 290
1683 2181 1768 2234 sq.)

211 2253 358 2298 visum
387 2255 459 2296 est
486 2252 865 2307 Pergamenorum
896 2251 1195 2294 eruditionem
1226 2250 1407 2293 indicat.
1468 2249 1644 2292 Etenim
1669 2260 1768 2291 cum

211 2323 260 2367 in
290 2321 495 2367 oratione
524 2321 602 2365 illa
631 2320 988 2376 deprehenderet
1018 2333 1111 2363 non
1139 2333 1296 2363 versus
1326 2319 1540 2374 integros,
1570 2316 1651 2360 sed
1670 2319 1769 2359 tan-

212 2394 308 2437 tum
339 2403 432 2435 non
468 2403 627 2434 omnes
672 2389 876 2440 mutilos,
920 2389 1161 2444 Dionysius
1198 2401 1256 2431 ne
1292 2388 1437 2444 potuit
1474 2386 1652 2442 quidem
1682 2386 1769 2428 alia

210 2460 286 2505 via
314 2459 501 2515 ingredi.
560 2458 711 2514 Neque
745 2458 1027 2502 obliviscaris
1064 2457 1211 2500 eidem
1250 2456 1464 2512 Dionysio
1500 2456 1622 2499 illam
1659 2467 1769 2510 quo-

215 2541 302 2586 que
330 2527 582 2572 doctrinam
613 2530 768 2571 notam
798 2526 950 2577 fuisse,
981 2539 1068 2582 qua
1087 2526 1146 2569 ad
1166 2526 1405 2581 antispasti
1431 2525 1558 2580 pedis
1580 2525 1768 2568 formam

212 2600 442 2654 tamquam
471 2596 730 2652 primariam
766 2595 955 2651 Priapea
986 2594 1364 2643 revocabantur.⁸)
1436 2593 1639 2648 Denique
1678 2596 1768 2635 tres

215 2665 378 2711 modos
405 2665 643 2716 afficiendi,
674 2664 952 2716 detrahendi,
988 2663 1271 2719 permutandi
1310 2663 1354 2706 in
1393 2663 1769 2717 Pergamenorum

334 2850 359 2897 ¹)
385 2862 417 2887 v.
443 2850 594 2886 Schultz
618 2850 740 2885 Herm.
766 2849 862 2885 XXI!
888 2849 972 2891 2653
998 2847 1224 2883 ravennat.
1250 2858 1285 2893 p.
1308 2848 1390 2888 611,
1414 2847 1447 2882 Ξ.

331 2909 361 2955 ¹)
391 2909 437 2945 cr.
469 2908 580 2945 etiam
611 2918 706 2954 quae
738 2907 784 2943 de
819 2905 1053 2951 καταλήξιως
1094 2905 1261 2941 doctrina
1303 2898 1517 2940 brevissime
1553 2903 1772 2949 significavit

216 2966 368 3005 deultz
390 2966 439 3003 de
462 2966 598 3013 Aphtb.
623 2977 658 3012 p.
689 2966 726 3002 lt
755 2965 839 3001 adn.
866 2966 882 3000 l
911 2968 946 3000 et
971 2975 1007 3011 p.
1034 2965 1078 2999 19
1102 2963 1187 2999 adn.
1215 2964 1245 2999 1.

335 3024 363 3070 ⁸)
388 3024 433 3060 cs.
457 3024 564 3060 Dion.
590 3025 636 3060 de
662 3036 692 3060 c.
717 3034 751 3059 v.
777 3035 810 3069 p.
836 3023 881 3058 48
906 3023 1008 3064 Sch.;
1033 3022 1074 3058 G.
1100 3021 1222 3058 Amce!
1250 3022 1273 3058 l.
1298 3032 1328 3057 c.
1353 3032 1389 3067 p.
1410 3021 1468 3057 ³6.
