2196 3438
1215 320 1272 362 60

468 462 759 506 fabulantium
791 460 1112 503 alternationes
1144 458 1408 503 indicandas
1439 458 1645 513 usurpari
1673 457 1822 509 refert,
1852 468 1954 500 cum
1973 454 2021 499 in

465 531 726 575 colometria
764 530 1092 584 Aristophanen
1137 542 1194 572 ne
1231 542 1366 572 unum
1400 527 1578 583 quidem
1610 526 1741 571 huius
1773 524 2020 570 notationis

465 601 715 656 exemplum
747 597 1120 653 deprehendatur.
1178 598 1250 650 At,
1280 600 1330 640 ut
1359 597 1415 639 de
1446 595 1734 639 colometriae
1773 595 1819 639 in
1850 594 2020 639 nostris

465 669 589 711 libris
628 667 893 711 condicione
930 669 1118 718 taceam,
1163 666 1432 709 Heliodorus
1479 664 1574 720 ipse
1615 677 1693 708 cur
1727 665 1847 708 hunc
1888 673 2022 720 para-

463 737 620 792 graphi
651 749 780 779 usum
812 736 858 778 in
880 734 1142 779 colometria
1163 736 1535 778 commemoraret
1556 746 1649 777 non
1670 733 1840 777 habuit.
1898 732 2020 777 Tan-

464 811 556 849 tum
587 809 736 849 autern
766 805 908 857 abest,
939 807 988 847 ut
1018 803 1091 847 hic
1122 817 1230 847 usus
1262 802 1598 859 Hephaestione
1629 802 1812 845 demum
1837 803 2020 846 auctore

465 876 508 918 in
541 875 789 918 fabularum
820 873 960 917 libros
982 873 1313 929 manuscriptos
1344 874 1551 927 receptus
1582 870 1654 923 sit,
1690 873 1741 914 ut
1770 870 1860 914 iam
1888 870 2021 926 longe

462 947 566 987 ante
619 943 911 987 Heliodorum
964 942 1160 998 viguisse
1214 941 1272 985 sit
1322 941 1560 997 putandus,
1633 940 1800 983 Poetae
1840 938 1930 995 ἱροί
1972 939 2022 982 in

463 1012 734 1056 editionibus
773 1011 1015 1067 legentium
1054 1012 1101 1054 in
1136 1025 1268 1055 usum
1308 1010 1539 1062 confectis,
1586 1009 1642 1053 de
1680 1008 1841 1065 quibus
1878 1020 2023 1064 nuper

462 1082 750 1136 sagacissime
780 1081 993 1124 disseruit
1021 1080 1103 1124 Ud.
1136 1081 1191 1124 de
1221 1077 1857 1124 Wilamowitz-Moellendorff
1891 1077 2022 1122 Euri·

461 1151 588 1206 pides
619 1151 832 1194 Herakles
862 1151 949 1193 vol.
979 1151 997 1193 I
1027 1150 1192 1204 (Berol.
1226 1150 1352 1205 1889)
1382 1163 1424 1204 p.
1449 1149 1529 1192 123
1551 1161 1663 1204 sqq„
1693 1147 1741 1190 in
1760 1146 2021 1191 universum

460 1233 757 1275 personarum
803 1219 924 1263 vices
962 1219 1097 1263 nullis
1137 1219 1384 1274 scripturae
1423 1217 1602 1261 indiciis
1641 1216 1920 1275 expressisse
1955 1215 2022 1259 vi·-

461 1290 635 1342 dentur,
681 1302 952 1344 quamquam
996 1301 1089 1332 non
1128 1287 1384 1343 negaverim
1421 1300 1499 1330 eos
1538 1286 1785 1338 interdum,
1827 1285 1907 1329 ubi
1947 1297 2022 1329 res

462 1359 685 1402 difficilior
723 1361 820 1402 erat
859 1357 1115 1410 diiudicatu,
1153 1357 1222 1400 vel
1262 1357 1408 1413 spatio
1445 1355 1706 1399 intermisso
1742 1354 1811 1398 vel
1842 1354 2021 1410 punctis

464 1428 530 1470 vel
576 1428 754 1471 lineolis
800 1440 1033 1471 sermones
1071 1426 1347 1470 distinxisse.
1414 1425 1698 1480 Quapropter
1740 1422 2021 1479 grammatici

462 1497 770 1549 Alexandrini,
816 1510 916 1539 cum
961 1509 1259 1551 personarum
1303 1495 1424 1538 vices
1455 1496 1614 1537 notare
1649 1493 1830 1546 vellent,
1867 1492 1917 1536 in
1946 1505 2022 1538 co·-

462 1566 651 1609 moediis
690 1566 975 1621 potissimum
1015 1579 1108 1609 non
1147 1578 1248 1608 raro
1287 1563 1622 1607 difficultatibus
1657 1561 2022 1618 implicabantur3

460 1650 499 1678 v.
532 1636 672 1679 schol.
704 1636 816 1690 (RV)
846 1635 948 1678 Pac.
980 1635 1077 1678 317.
1109 1635 1206 1685 459,
1238 1634 1304 1689 (V)
1333 1634 1413 1676 Av.
1445 1633 1543 1685 267,
1573 1632 1649 1687 (R)
1679 1632 1864 1675 Thesm.
1897 1630 2022 1674 1069.

465 1706 585 1757 1090,
628 1705 740 1758 (RV)
776 1705 890 1747 Ran.
935 1704 1055 1746 1418.
1116 1703 1329 1746 Nonnulli
1359 1702 1551 1757 geminis
1581 1701 1760 1756 punctis
1790 1698 1885 1755 (δύο
1911 1714 2022 1757 στιγ-

461 1774 553 1830 μαί)
573 1775 642 1817 usi
665 1776 783 1825 sunt,
814 1786 927 1828 quae
949 1773 1095 1816 adhuc
1118 1774 1528 1816 commemorantur
1558 1770 1606 1813 in
1636 1770 1776 1814 schol.
1802 1770 1915 1814 Ach.
1936 1770 2022 1813 899

461 1843 567 1896 (om.
599 1843 660 1893 R;
691 1843 735 1886 in
763 1842 798 1884 V
829 1844 925 1884 tota
954 1842 1105 1885 fabula
1135 1842 1293 1896 deest),
1324 1841 1379 1884 de
1410 1853 1498 1895 quo
1530 1840 1619 1895 egit
1649 1839 1792 1883 Cobet
1827 1839 1872 1883 in
1910 1838 2021 1882 Nov.

461 1913 560 1954 lect.
592 1912 746 1966 (Lugd.
770 1911 865 1954 Bat.
891 1911 1016 1966 1858)
1046 1925 1089 1966 p.
1114 1911 1179 1963 17,
1201 1913 1246 1953 et
1266 1910 1312 1952 in
1330 1910 1470 1952 schol.
1494 1909 1607 1964 (RV)
1626 1908 1740 1951 Ran.
1762 1908 1830 1951 28.
1850 1908 1920 1951 51.
1936 1907 2024 1952 314

460 1982 539 2023 891
564 1982 669 2034 (om.
690 1981 762 2034 R),
787 1980 908 2035 quod
929 1980 1136 2023 scholion
1156 1979 1214 2023 ad
1234 1993 1274 2022 v.
1295 1980 1379 2022 889
1399 1978 1627 2034 pertinere
1650 1979 1772 2020 recte
1792 1976 2022 2032 perspexit

461 2049 602 2092 Cobet
629 2050 656 2092 l.
681 2062 731 2100 c.,
760 2049 841 2092 sed
869 2049 1014 2092 eidem
1042 2049 1142 2091 usui
1173 2048 1308 2091 etiam
1328 2043 1613 2103 παραγραφήν
1637 2045 1926 2090 inservivisse
1955 2045 2020 2089 in·

459 2118 682 2172 tellegitur
698 2131 753 2160 ex
771 2118 912 2160 schol.
933 2118 1004 2172 (V)
1025 2118 1128 2160 Pac.
1145 2117 1284 2172 444¹),
1306 2129 1451 2171 neque
1471 2115 1642 2167 dubito,
1664 2114 1772 2170 quin
1787 2115 2020 2159 Dobraeus
2043 2159 2046 2162 Α

459 2187 662 2238 (Advers.
694 2187 791 2229 crit.
822 2187 857 2229 ΙΙ
887 2201 930 2242 p.
962 2187 1063 2242 268)
1094 2189 1216 2230 recte
1234 2181 1520 2242 παραγραφήν
1541 2184 1790 2228 restituerit
1810 2183 1857 2227 in
1878 2183 2021 2228 schol.

458 2258 529 2310 (V)
560 2257 672 2299 Ran.
716 2257 837 2299 1432.
899 2255 1045 2299 Etiam
1090 2256 1137 2299 in
1182 2255 1302 2298 notis
1347 2254 1587 2298 Probianis
1633 2253 1769 2296 modo
1814 2252 2020 2296 excitatis

460 2339 757 2379 personarum
803 2325 1127 2369 mutationibus
1174 2324 1427 2367 indicandis
1473 2324 1574 2366 loco
1621 2335 1757 2378 supra
1793 2321 2019 2377 exscripto

460 2397 582 2436 certa
612 2397 721 2437 nota
751 2394 976 2438 destinata
1007 2397 1089 2437 est.
1149 2393 1307 2436 Eidem
1335 2392 1629 2436 Alexandrini
1661 2392 1796 2435 etiam
1816 2391 1872 2435 de
1893 2391 2019 2435 chori

458 2463 773 2516 partitionibus
803 2464 940 2506 verba
970 2464 1184 2514 fecerunt,
1217 2462 1342 2505 cuius
1375 2461 1510 2504 studii
1542 2474 1643 2504 cum
1670 2461 1759 2504 alia
1779 2462 2020 2515 supersunt

458 2531 646 2585 vestigia
683 2533 802 2575 velut
840 2546 926 2575 vox
964 2530 1183 2589 ήμιχόριον
1223 2544 1315 2574 non
1355 2543 1456 2574 raro
1497 2530 1544 2572 in
1585 2529 1814 2573 codicibus
1842 2528 2020 2573 Aristo-

461 2601 650 2655 phaneis
694 2602 970 2653 Ravennate,
1015 2602 1186 2645 Veneto
1224 2601 1324 2644 aliis
1355 2600 1583 2655 adscripta
1611 2599 1682 2642 vel
1711 2597 1918 2642 scholion
1947 2598 2019 2653 (V)

460 2670 574 2712 Ran.
618 2671 704 2713 440
748 2674 842 2713 tum
888 2670 1294 2714 luculentissimum
1340 2670 1387 2712 in
1433 2669 1574 2712 schol.
1619 2668 1732 2722 (RV)
1775 2667 1889 2710 Rau.
1935 2667 2020 2710 354

456 2737 724 2796 Ἀρίσταρχος
755 2739 822 2782 ἐπὶ
849 2738 1004 2782 τούτων
1034 2739 1147 2795 λέγει
1175 2738 1246 2781 τὸν
1273 2736 1403 2795 χορὸν
1432 2736 1683 2794 μεμερίσθαι
1711 2735 1802 2779 κτλ.
1833 2739 1878 2779 et
1903 2736 2018 2779 Ran.

459 2808 541 2850 372
575 2809 767 2851 ἐντεῦθεν
792 2807 1061 2865 Ἀρίσταρχος
1098 2803 1304 2864 ὑπενόησε
1343 2806 1401 2864 μή
1433 2805 1533 2849 ὅλου
1570 2805 1643 2848 τοῦ
1671 2804 1805 2862 χοροῦ
1834 2804 1937 2848 εἶναι
1965 2802 2018 2847 τὰ

577 2910 602 2956 ι)
626 2912 680 2947 Ad
707 2913 797 2948 satis
823 2913 974 2958 antiqua
1000 2916 1169 2958 tempora
1192 2912 1265 2947 hoc
1290 2910 1459 2946 scholion
1483 2909 1731 2944 revocandum
1748 2918 1832 2943 esse
1849 2908 1910 2943 vel
1930 2908 2017 2944 inde

458 2971 620 3013 apparet,
647 2970 746 3014 quod
778 2973 818 3005 ut
842 2971 879 3006 in
904 2970 1089 3006 Aristotel.
1120 2969 1229 3005 Rhet.
1255 2968 1303 3003 111
1328 2969 1351 3003 8
1388 2970 1477 3003 extr.
1502 2966 1635 3002 dicitur
1659 2965 1893 3012 παραγραφή,
1935 2977 2017 3003 cum

458 3026 722 3071 posterioribus
747 3028 987 3072 παράγραφος
1013 3029 1051 3063 in
1074 3039 1145 3063 usu
1170 3030 1280 3063 esset.
1997 3045 1999 3048 ⁴
