2196 3438
1198 313 1278 357 126

463 458 609 498 certas
655 454 824 497 classes
863 452 1132 496 distribuere
1171 453 1426 504 studerent,
1472 453 1606 496 etiam
1651 453 1838 497 nomina
1877 450 2023 510 σχίσιν

458 520 562 579 πρός
605 538 642 566 τι
688 521 901 566 habentia
946 524 990 564 et
1034 518 1345 579 ἀπολελυμένα,
1390 521 1791 577 Peripateticorum
1827 522 2022 567 fortasse

459 596 697 648 praecepta
727 591 975 646 amplexi¹)‚
1007 591 1330 635 distinxerunt:
1369 591 1489 634 unde
1526 593 1687 646 postea
1719 594 1771 635 ut
1803 590 2023 636 nonnulla

458 662 546 704 alia
594 662 654 705 ita
700 662 811 704 haec
857 674 1033 716 quoque
1080 660 1241 704 divisio
1288 661 1334 704 in
1371 663 1513 704 artem
1552 660 1786 704 metricam
1829 659 2024 705 transiit.

460 731 593 773 Plura
625 730 680 773 de
710 730 1115 773 Alexandrinorum
1145 733 1223 773 aut
1250 729 1635 785 Pergamenorum
1671 729 1768 785 περὶ
1794 725 2026 786 ποιήματος

458 799 686 851 doctrina,
728 799 814 842 nisi
854 799 955 855 quis
986 799 1123 843 meris
1154 798 1426 843 coniecturis
1465 798 1597 842 inniti
1642 798 1768 851 velit,
1813 797 2026 843 affirmari

461 872 701 924 nequeunt.
770 868 918 912 Unum
954 868 1149 912 fortasse
1187 871 1315 912 vetus
1362 868 1569 912 scholion
1613 868 1687 922 (ad
1731 867 1869 911 Arist.
1912 866 2026 911 Nub.

458 938 560 993 518)
591 939 679 981 huc
710 937 995 981 referendum
1032 940 1113 989 est,
1155 938 1201 980 in
1233 950 1320 993 quo
1350 939 1431 980 τῶν
1461 936 1567 980 ἑπτὰ
1596 935 1716 979 εἰδῶν
1751 936 2027 991 ραῐιὼιιεοοε

461 1007 548 1050 tria
579 1007 789 1050 dicuntur
817 1001 947 1061 ἁπλᾶ,
978 1006 1089 1049 κατὰ
1120 1006 1167 1048 δὲ
1196 1005 1340 1063 σχέσιν
1369 1004 1607 1062 τὲσσαρα.’)

576 1087 687 1140 Quis
717 1089 890 1143 primus
922 1088 1128 1131 doctrina
1162 1088 1256 1143 περὶ
1283 1084 1515 1144 ποιήματος
1554 1087 1757 1143 quintam
1794 1086 1905 1131 artis
1935 1099 2029 1131 me·

456 1158 593 1200 tricae
622 1161 798 1212 partem
828 1157 940 1200 effici
972 1157 1175 1200 docuerit
1206 1157 1447 1200 nescimus.
1501 1157 1567 1200 Ex
1598 1157 1663 1200 eis
1693 1168 1809 1211 quae
1827 1157 2023 1200 aetatem

449 1227 646 1270 tulerunt
684 1226 1074 1278 enarrationibus,
1111 1226 1148 1268 si
1180 1240 1207 1269 a
1245 1226 1452 1282 perbrevi
1489 1225 1739 1269 carminum
1773 1227 2032 1270 monostro-

454 1297 646 1351 phorum
694 1295 991 1351 explicatione
1037 1309 1151 1351 quae
1200 1296 1319 1351 apud
1364 1295 1573 1339 Caesium
1626 1295 1822 1338 Bassum
1867 1294 2033 1351 legitur

456 1365 713 1418 recesseri5‚
751 1365 810 1409 ad
846 1365 1182 1408 vetustissimos
1221 1365 1370 1408 fontes
1409 1365 1596 1408 redeunt
1633 1363 1848 1408 Aristidis
1885 1363 2026 1417 Quin·

455 1435 597 1478 tiliani
629 1438 880 1490 praecepta.
940 1435 1051 1478 Arta
1081 1435 1200 1478 inter
1230 1449 1278 1478 se
1315 1435 1584 1489 cognatione
1615 1434 1903 1478 continentur
1930 1433 2021 1478 He-

454 1505 734 1559 phaestionis
766 1507 810 1547 et
839 1504 1057 1547 Victorini
1097 1504 1407 1547 enarrationes
1446 1503 1588 1547 altero
1626 1517 1668 1559 p.
1708 1503 1811 1547 Chr.
1847 1516 1891 1547 n.
1923 1515 2019 1547 sae-

457 1575 555 1618 culo
587 1573 885 1628 conscriptae.
934 1574 974 1616 A
993 1574 1302 1617 Romanorum
1325 1573 1599 1616 carminibus
1625 1585 1726 1615 cum
1755 1572 2022 1617 abhorreret

454 1643 530 1686 illa
560 1643 808 1687 carminum
839 1642 1014 1695 divisio,
1045 1656 1072 1686 a
1102 1642 1285 1698 reliquis
1317 1642 1516 1686 metricis
1548 1642 1700 1685 latinis
1720 1654 1909 1697 prorsus
1938 1642 2019 1686 ab·

456 1713 570 1755 iecta
614 1715 695 1756 est.
769 1712 921 1768 Neque
967 1712 1013 1755 in
1053 1712 1402 1768 Byzantinorum
1439 1711 1706 1755 tractatibus
1747 1724 2020 1756 commemo-

455 1783 579 1823 ratur
629 1794 773 1836 neque
823 1781 1168 1824 Choeroboscus
1219 1780 1384 1823 librum
1433 1780 1558 1823 illum
1606 1780 2019 1835 Hephaestioneum

453 1850 548 1905 περὶ
578 1847 807 1906 ποιήματος
837 1849 1117 1904 inscriptum,
1149 1862 1282 1904 quem
1314 1862 1492 1904 semper
1521 1861 1611 1892 una
1641 1861 1742 1892 cum
1766 1849 2018 1894 enchiridio

451 1920 547 1975 περὶ
577 1918 735 1976 μέτρων
773 1932 853 1962 sua
898 1918 1038 1974 ipsius
1084 1921 1231 1962 aetate
1269 1918 1578 1962 circumlatum
1616 1931 1718 1961 esse
1748 1921 1904 1962 auctor
1934 1921 2017 1970 est,

453 1988 499 2031 in
531 1989 699 2031 scholis
731 1989 1051 2043 interpretatus
1083 2002 1184 2031 esse
1214 1987 1399 2031 videtur.
1461 1987 1796 2031 Tantummodo
1834 1987 1891 2031 de
1921 1999 2018 2031 car-

453 2057 650 2100 minibus
683 2057 882 2112 epodicis
913 2070 1057 2112 pauca
1086 2059 1324 2111 praecepta
1353 2069 1380 2099 a
1411 2056 1597 2100 Claudio
1622 2057 1882 2101 Ptolemaeo
1911 2069 2020 2113 pro-

453 2127 603 2181 posita
651 2127 770 2182 apud
817 2126 1093 2182 posteriores
1145 2139 1238 2169 non
1288 2139 1389 2169 raro
1440 2126 1850 2181 deprehenduntur.
1927 2126 2019 2171 Sed

454 2196 635 2239 lsaacus
666 2196 847 2239 demum
878 2197 1064 2239 Tzetzes
1103 2198 1359 2239 accuratam
1398 2196 1453 2238 de
1493 2195 1742 2239 carminum
1778 2195 2018 2251 generibus

455 2266 881 2308 commentationem
932 2279 987 2308 ex
1029 2265 1382 2320 Hephaestionis
1428 2265 1765 2308 commentariis
1810 2265 2020 2310 scholiis·-

454 2348 539 2390 que
571 2335 731 2390 quibus
763 2335 826 2378 illi
858 2335 1064 2378 instructi
1096 2337 1201 2378 sunt
1230 2334 1502 2389 exscriptam
1534 2335 1782 2378 carminum
1811 2333 2019 2378 Pindari-

454 2412 607 2447 corum
639 2403 998 2460 interpretationi
1036 2403 1412 2459 praemittendam
1451 2417 1552 2446 esse
1590 2404 1766 2447 censuit
1801 2416 1886 2447 nec
1924 2415 2017 2447 non

455 2473 572 2516 illius
617 2474 756 2517 frater
800 2473 1039 2516 occasione
1084 2473 1190 2516 data
1225 2473 1342 2516 hanc
1382 2485 1477 2516 rem
1511 2472 1788 2528 perstrinxit.
1847 2472 2016 2516 Partim

455 2557 509 2586 ex
538 2542 770 2586 Heliodori
803 2542 1065 2586 colometria
1095 2543 1260 2598 partim
1298 2556 1352 2586 ex
1392 2543 1534 2586 altero
1575 2540 1898 2586 commentario
1926 2540 2017 2584 He-

573 2723 598 2769 ¹)
624 2724 669 2759 cf.
695 2735 790 2769 quae
821 2724 978 2760 disserui
1010 2736 1045 2769 p.
1078 2724 1125 2759 94
1157 2726 1194 2759 et
1225 2724 1324 2759 Sext.
1354 2723 1489 2769 Empir.
1523 2723 1605 2759 adv.
1636 2723 1751 2759 math.
1783 2722 1816 2758 X
1846 2721 1916 2757 263
1946 2731 2015 2767 sq..

455 2792 528 2827 quo
555 2782 600 2817 de
626 2782 709 2817 loco
736 2782 936 2827 disputavit
968 2782 1211 2818 Steinthalius
1244 2782 1269 2818 l.
1295 2793 1324 2817 c.
1356 2794 1392 2828 p.
1416 2782 1486 2817 328
1516 2792 1573 2827 sq.
1603 2783 1765 2826 Σχόοεως
1795 2783 1834 2815 et.
1867 2779 1907 2815 in
1937 2782 2016 2815 arte

456 2841 693 2883 grammatica
719 2844 755 2876 et
780 2841 816 2876 in
842 2841 1027 2876 rhetorica
1050 2852 1126 2876 non
1151 2851 1235 2876 raro
1259 2840 1354 2875 ratio
1379 2840 1538 2876 habetur
1561 2839 1621 2885 (er.
1639 2850 1670 2875 e.
1687 2850 1721 2884 g.
1746 2837 1840 2874 Plot.
1866 2837 2017 2876 Sacerd.

456 2910 488 2942 p.
514 2898 593 2939 458.
619 2899 687 2943 25).
714 2900 751 2934 in
776 2899 939 2942 metrica,
964 2903 1004 2934 ut
1028 2899 1168 2934 leviora
1193 2898 1371 2940 omittam,
1402 2900 1520 2943 σχέσιν
1549 2896 1722 2942 τακτικήν
1752 2899 2016 2932 commemorat

456 2956 636 2992 Choeroh.
662 2968 696 3001 p.
721 2957 777 2997 64,
806 2958 849 2992 10
873 2968 930 3002 sq.

572 3026 600 3070 ²)
626 3026 676 3060 Ex
703 3026 783 3070 ipso
808 3026 1084 3071 Hephaestione
1110 3026 1316 3061 derivatum
1342 3029 1398 3060 est
1422 3025 1538 3060 schol.
1563 3025 1672 3060 Arist.
1698 3024 1807 3070 Vesp.
1834 3024 1934 3061 1441.
