2196 3438
974 278 1029 322 27

217 415 406 467 filulis
449 416 578 461 alteri
624 417 948 465 commentario
977 417 1322 472 ascriberentur,
1366 417 1566 461 additam
1604 431 1706 461 esse
1737 418 1783 460 in

80 480 158 542 ,ζῇς
207 471 775 564 ‘Qmffrrationem
802 500 846 543 p.
877 486 955 531 XV
988 487 1165 530 13-22.

225 541 294 626 3„
320 550 491 611 ltaque
549 554 694 598 tribus
750 554 842 599 illis
893 554 1005 598 locis
1061 555 1196 598 modo
1249 554 1482 611 explicatis
1534 555 1782 599 efficiuntur

247 622 277 681 'j
292 630 320 684 '⁸
357 620 394 680 ⁸)
458 623 784 678 spectaverunt
828 624 1045 668 nonnulla
1087 624 1260 668 scholia
1294 624 1501 680 primitus
1530 623 1589 668 ad
1618 624 1782 668 librum

216 688 230 700 Ὗ
251 684 262 702 “’
282 691 293 696 ”
494 705 615 737 nunc
659 692 961 750 deperditum,
1019 693 1066 737 in
1111 707 1200 750 quo
1245 697 1290 738 et
1332 694 1462 750 plura
1510 693 1687 738 inerant
1736 698 1781 738 et

438 761 665 819 descripta
717 775 851 819 quam
903 763 950 807 in
995 763 1060 806 eis
1105 764 1180 819 qui
1225 766 1382 808 extant
1426 764 1775 807 commentariis.

266 830 582 878 undivemum
603 830 743 875 fuisse
762 830 888 875 illum
908 831 1109 876 libellum
1128 833 1186 876 ab
1217 845 1271 876 eo
1302 832 1423 888 quod
1453 835 1779 877 commemorat

215 821 574 965 Μῦθοωο
595 899 740 958 βιβλίῳ
759 901 856 956 περὶ
874 899 1107 958 ποιήματος
1126 901 1257 945 facile
1280 901 1540 945 conieceris.
1600 902 1780 946 Utrum·

81 946 100 1022 ’ἢ
167 1024 170 1026 v
222 975 325 1036 ,φο
343 969 726 1017 commentarium
764 983 820 1013 ex
857 969 933 1013 illo
973 970 1125 1014 libello
1162 971 1296 1026 paulo
1337 970 1644 1027 neglegentius
1681 985 1782 1016 esse

222 1040 487 1099 moenium
504 1041 693 1096 propter
709 1037 791 1082 τῶν
810 1038 1012 1096 μετρικῶν
1042 1036 1232 1084 ἀτάκτων
1266 1040 1591 1096 descriptiones
1623 1041 1662 1085 si
1691 1055 1783 1085 non

215 1108 407 1170 ‘mm
424 1110 510 1162 eet,
538 1110 587 1152 at
614 1108 708 1152 veri
738 1107 1027 1153 simillimum.

211 1232 213 1234 ,
223 1197 295 1226 η.
302 1176 500 1226 im
534 1179 586 1222 ut
623 1191 817 1234 quanam
853 1178 1086 1222 doctrinae
1114 1178 1506 1234 Hephaestioneae
1542 1181 1638 1236 περὶ
1664 1179 1785 1236 ποιή-

215 1238 358 1310 ῗμὴςς
374 1248 661 1293 enarratione
682 1247 873 1292 Tzetzae
893 1248 1055 1292 fratres
1081 1248 1152 1292 usi
1182 1248 1275 1292 sint
1314 1249 1579 1293 examinem.
1637 1250 1783 1305 Atque

221 1312 427 1370 mes
462 1317 644 1374 quidem
681 1317 866 1361 Tzetzes
905 1318 952 1361 in
989 1317 1120 1370 libro,
1158 1318 1233 1373 qui
1273 1318 1516 1374 inscriptus
1547 1322 1617 1362 est
1646 1319 1784 1361 διδασ-

225 1384 359 1439 um
376 1384 618 1443 σαφεστάτη
640 1389 723 1430 τῶν
745 1386 788 1429 ἐν
807 1392 892 1438 τοῖς
911 1385 1069 1443 στίχοις
1098 1386 1257 1444 μέτρων
1279 1382 1484 1442 ἁπάντων,
1516 1388 1562 1431 in
1593 1401 1681 1443 quo
1711 1402 1785 1431 ac—

219 1456 513 1514 menime
542 1455 600 1500 ad
631 1455 929 1500 enchiridium
957 1456 1371 1512 Hephaestioneum
1402 1470 1502 1501 sese
1532 1457 1784 1512 applicavit,

71 1542 74 1543 ’
144 1574 146 1578 ,
227 1525 354 1573 nolle
382 1539 434 1571 se
462 1526 519 1570 de
549 1524 798 1570 carminum
828 1525 1069 1580 generibus
1101 1525 1268 1570 referre
1298 1526 1437 1569 libere
1458 1526 1693 1582 profitetur
1713 1526 1784 1569 his

229 1594 380 1642 urbis
409 1595 477 1651 (in
508 1594 711 1639 Crameri
739 1595 911 1638 Anecd.
941 1595 1024 1638 Ox.
1052 1595 1108 1638 111
1136 1609 1180 1650 p.
1211 1595 1309 1650 331,
1340 1596 1528 1650 28-30)

370 1661 426 1709 τὰ
454 1663 503 1706 δὲ
531 1661 660 1721 μικρὰ
688 1661 769 1706 τῶν
798 1662 957 1720 μέτρων
986 1662 1072 1720 μὲν,
1102 1661 1184 1706 ὅσα
1211 1677 1257 1706 τε
1286 1661 1396 1706 κατὰ
1426 1663 1568 1720 στίχον

212 1737 263 1790 „³⁴1
378 1733 454 1777 καὶ
480 1737 583 1776 ποτα
610 1730 724 1775 κατὰ
753 1731 944 1790 σύστημα
972 1733 1048 1775 καὶ
1074 1737 1174 1775 ποῖα
1202 1732 1283 1776 τῶν
1313 1730 1517 1787 ἀτάκτων,

377 1799 539 1860 μακρόν
568 1802 654 1845 ἐστι
682 1802 756 1844 καὶ
783 1801 920 1858 λέγειν
949 1815 1022 1859 με·
1052 1799 1241 1859 γνώριμα
1269 1801 1351 1859 γὰρ
1380 1808 1465 1854 τοῖς
1492 1805 1628 1845 πᾶσιν.

152 1878 162 1886 ’
251 1880 272 1910 i·
336 1871 619 1917 Perstrinxit
646 1874 799 1916 tamen
827 1871 1094 1927 posterioris
1116 1871 1429 1915 commentarii
1459 1871 1648 1923 initium,
1687 1884 1787 1914 cum

232 1939 541 1998 disputatione
569 1941 627 1984 de
657 1940 818 1994 sticho,
848 1940 962 1994 colo,
994 1943 1215 1985 commate
1246 1940 1451 1984 instituta
1479 1941 1591 1984 haec
1620 1940 1789 1984 diceret

230 2009 297 2066 (1.
313 2021 352 2055 ο.
379 2023 425 2066 p.
455 2010 553 2062 316,
583 2010 771 2065 28—30)

294 2087 310 2123 J
381 2075 407 2122 ὁ
435 2078 510 2122 τοῦ
536 2077 752 2135 Κελλέρου
782 2078 829 2122 δὲ
857 2078 943 2130 υἱός
971 2079 1016 2122 ἐν
1044 2077 1205 2136 μέτροις
1226 2073 1480 2135 Ἡφαιστίων

378 2145 524 2205 κόμμα
552 2147 627 2190 καὶ
652 2146 792 2191 κῶλον
820 2146 874 2190 τὰ
903 2146 1016 2199 ἐντὸς
1043 2145 1232 2190 διδάσκει
1259 2150 1333 2190 τοῦ
1362 2145 1566 2204 διμέτρου,

380 2215 428 2259 τὸ
458 2213 498 2258 δ’
529 2213 713 2274 ὑπερβάν
743 2214 790 2259 τὸ
821 2215 1048 2273 δίμετρονῖ)
1078 2215 1220 2273 στίχον
1248 2214 1538 2272 κατονομάζει.

355 2284 659 2330 Festinantius
688 2288 853 2341 ageret,
885 2285 960 2342 qui
990 2299 1045 2330 ex
1083 2285 1155 2329 his
1194 2285 1341 2329 verbis
1379 2285 1666 2328 concluderet
1701 2284 1792 2339 pri-

237 2353 377 2399 mitus
396 2367 480 2411 pro
506 2354 587 2407 eis,
617 2368 731 2411 quae
760 2368 804 2411 p.
825 2355 897 2398 VII
929 2355 1070 2398 7-10
1105 2355 1151 2398 in
1182 2354 1411 2398 codicibus
1442 2354 1662 2409 leguntur,
1692 2366 1791 2396 eam

242 2421 448 2468 extitisse
478 2423 797 2477 definitionem,
827 2437 963 2479 quam
993 2423 1176 2468 Tzetzes
1206 2423 1390 2479 profert.
1448 2422 1563 2466 Nam
1598 2421 1791 2477 primum

239 2491 418 2550 quidem
464 2505 577 2549 quae
620 2492 669 2536 in
707 2493 1018 2537 commentarii
1057 2491 1286 2536 codicibus
1326 2491 1677 2548 deprehenditur
1715 2505 1791 2535 ex-

235 2561 442 2618 planatio
463 2561 683 2606 eiusmodi
706 2564 788 2614 est,
809 2565 858 2606 ut
878 2575 1027 2615 nemo,
1049 2562 1155 2606 dum
1175 2561 1352 2617 singula
1371 2563 1577 2604 accurate
1604 2562 1792 2615 reputet,

239 2629 297 2675 de
326 2630 499 2686 origine
529 2630 624 2674 eius
654 2631 1016 2687 Hephaestionea
1048 2630 1233 2674 dubitet.
1290 2629 1463 2673 Deinde
1498 2643 1552 2672 ex
1583 2629 1792 2672 universo

240 2699 422 2744 loannis
443 2699 633 2744 Tzetzae
653 2700 770 2744 libro
791 2699 1078 2755 cognoscitur
1098 2713 1199 2743 eum
1220 2699 1354 2755 plane
1376 2699 1530 2743 eadem
1559 2698 1792 2742 enchiridii

361 2873 385 2919 ¹)
409 2873 527 2910 Etiam
553 2884 587 2919 p.
617 2871 696 2909 xlx
721 2871 766 2907 22
793 2873 904 2908 verba
930 2849 968 2908 ἰν
992 2872 1095 2908 δυάδι
1126 2872 1243 2917 magis
1269 2872 1453 2918 quadrant
1476 2872 1524 2908 ad
1559 2874 1753 2908 comment.
1779 2872 1794 2907 1

243 2932 558 2979 p.V110quam
589 2931 695 2977 adp.
722 2930 1062 2968 xlx5—xx3.

361 2989 391 3035 ²)
415 2991 578 3035 διμιτρον
601 2988 732 3036 scripsi
757 2989 842 3026 coll.
868 3001 902 3037 p.
927 2989 1007 3034 317,
1032 2989 1094 3031 813
1119 2988 1315 3034 σύμμετρον
1338 2988 1444 3024 codd.
