2196 3438
942 313 997 356 73

834 373 948 380 ...ss-

183 452 403 509 mum
531 468 580 500 e
601 453 683 496 de
671 452 943 509 ᾺΡὴὼοηίἰ
980 452 1239 495 auctoribus
1277 452 1427 507 aliqua
1458 465 1559 496 cum
1587 453 1751 507 proba·

182 511 401 578 Q
428 522 488 566 ici
515 526 726 578 possunt,
752 522 843 566 iam
873 521 993 565 dicta
1023 524 1128 564 sunt
1167 534 1268 565 cum
1305 522 1363 564 ab
1399 521 1500 565 aliis
1530 522 1558 564 l.
1589 535 1626 565 c.
1659 525 1750 565 tum

184 590 479 642 ωΜαῙῑιίο
510 592 538 635 l.
570 605 607 635 c.
637 605 682 647 p.
709 591 894 635 44-46.
960 590 1046 643 Qui
1087 591 1172 634 etsi
1209 591 1326 634 bene
1356 590 1570 634 Varronis
1608 594 1752 634 secta·

93 710 99 714 ,
124 676 128 678 ·
183 658 340 724 &a
358 660 637 716 significavit,
666 660 819 704 malim
849 661 999 702 tamen
1031 672 1132 702 eum
1164 659 1286 703 nullo
1318 658 1501 703 nomine
1536 659 1752 714 insignire

185 730 331 789 ῃ·
357 729 720 775 Thacomestum
763 742 940 772 vocare.
1013 729 1161 772 Pauca
1205 742 1369 772 moneo
1415 729 1470 772 de
1513 733 1751 784 praecepto

183 791 263 862 Q
272 795 354 853 5⁴,
379 798 418 843 4
439 800 569 856 sq.,)
572 800 771 852 ,omnis.¹
815 811 1005 842 .versus
1036 797 1147 840 κατὰ
1174 797 1223 841 τὸ
1251 797 1444 841 πλεῖστον
1473 798 1519 841 in
1543 799 1632 842 duo
1654 799 1753 843 cola

187 866 446 915 dividitur&
504 868 707 913 Similem
738 868 784 911 in
814 867 997 911 modum
1033 882 1076 923 p.
1111 868 1204 920 154,
1234 868 1303 919 23,
1341 868 1417 910 ubi
1457 868 1512 911 de
1547 869 1751 911 versibus

182 936 489 997 *arabicis
517 938 676 993 agitur,
707 937 926 992 scriptum
956 940 1026 979 est
1056 937 1170 991 „hoc
1210 950 1352 992 genus
1388 937 1519 980 metri
1558 937 1752 981 maxime

187 1005 425 1057 haidem
451 1007 653 1062 separari
683 1007 731 1050 in
760 1006 873 1049 duas
901 1006 1164 1049 clausulas“.
1224 1007 1283 1049 At
1309 1006 1382 1049 hic
1409 1006 1614 1049 vocabuli
1635 1007 1754 1050 clau·

190 1073 329 1130 -ssuss
360 1088 472 1120 usus
514 1078 701 1131 propter
742 1075 888 1118 Rufin.
934 1075 1004 1118 GL
1044 1075 1097 1116 VI
1131 1074 1229 1126 556,
1262 1075 1285 1117 7
1318 1087 1416 1130 sqq.
1446 1075 1753 1118 Varronianus

183 1143 384 1199 7ch1²,
425 1157 560 1201 quam
597 1146 656 1189 ob
695 1158 790 1188 rem
828 1144 965 1187 etiam
1003 1157 1117 1199 quae
1155 1144 1274 1199 apud
1303 1144 1581 1187 Victorinum
1610 1157 1653 1199 p.
1685 1145 1752 1199 79,

189 1213 334 1262 'b-vsti
344 1214 560 1270 leguntur
588 1213 710 1258 haud
738 1214 909 1269 absque
946 1213 1263 1268 probabilitate
1301 1214 1359 1256 ad
1398 1214 1645 1257 Varronem
1683 1228 1753 1258 re-

193 1283 438 1331 tonantis.
497 1283 650 1339 Neque
681 1296 773 1326 non
804 1283 993 1326 Varroni
1025 1282 1165 1334 favet,
1204 1282 1324 1337 quod
1362 1282 1480 1325 idem
1517 1283 1573 1325 de
1610 1286 1753 1327 metro

181 1351 409 1411 ww
437 1356 728 1409 praeceptum
757 1352 1109 1407 deprehenditur
1137 1351 1272 1395 etiam
1310 1352 1430 1407 apud
1457 1353 1754 1408 Augustinum

182 1421 274 1473 ‚flu
294 1433 411 1476 nnis.
448 1421 527 1465 lib.
563 1422 618 1464 111
657 1434 753 1476 cap.
791 1421 847 1464 IX
894 1421 982 1474 (ed.
1019 1420 1167 1476 Migne
1204 1420 1252 1463 in
1281 1420 1447 1463 Patrol.
1478 1421 1553 1464 lat.
1583 1422 1673 1464 vol.
1702 1422 1757 1464 32

191 1503 250 1548 Ρ.
278 1490 411 1547 1126)
463 1504 594 1544 „eum
637 1503 816 1533 versum
861 1503 889 1532 a
934 1489 1080 1532 doctis
1125 1489 1417 1544 appellatum,
1462 1489 1536 1545 qui
1583 1490 1757 1533 duobus

195 1559 416 1605 umbris
466 1559 512 1614 (i.
552 1572 591 1603 e.
630 1559 759 1614 colis)
805 1562 927 1603 certa
973 1558 1146 1601 ratione
1191 1558 1410 1601 dimensis
1449 1559 1758 1614 copulatisque

195 1631 467 1678 concuret&
525 1629 729 1684 Denique
759 1628 1100 1671 commendatur
1130 1628 1241 1671 haec
1263 1628 1520 1671 coniectura
1540 1628 1757 1671 Victorini

189 1697 347 1745 mefitis
372 1710 418 1754 p.
447 1697 518 1751 55,
552 1698 600 1740 11
635 1698 829 1749 „Versus
869 1700 958 1748 est,
1002 1699 1052 1739 ut
1089 1696 1278 1739 Varroni
1315 1696 1481 1751 placet,
1520 1697 1759 1740 verborum

189 1765 417 1820 inflictura,
445 1779 560 1822 quae
589 1779 673 1822 per
700 1766 915 1809 articulos
953 1769 997 1809 et
1036 1768 1260 1808 commata
1298 1763 1557 1822 εὐρύθμωςὶ)
1602 1767 1758 1809 modu-

193 1833 315 1882 Νι·
341 1835 390 1880 in
418 1835 602 1892 pedes“.
651 1835 805 1891 Neque
834 1848 956 1887 vero,
987 1835 1034 1878 id
1062 1835 1183 1890 quod
1204 1834 1427 1878 Christius
1456 1835 1641 1890 putavit,
1671 1836 1758 1879 hoc

187 1907 489 1963 ‚wmeptmn
518 1905 651 1948 huius
683 1905 824 1948 solius
854 1904 1119 1959 disciplinae
1148 1905 1380 1959 proprium
1411 1905 1507 1956 fuit,
1538 1904 1623 1947 sed'
1654 1905 1761 1948 Iuba

198 1985 392 2032 mque,
418 1974 604 2018 alterius
632 1977 897 2027 assectator,
931 1973 1050 2017 idem
1089 1977 1268 2017 secutus
1307 1977 1389 2017 est.
1448 1974 1760 2018 Profluxerunt

196 2042 322 2098 mim
350 2055 407 2087 ex
437 2056 492 2086 eo
523 2043 613 2096 illa,
643 2056 757 2099 quae
777 2043 895 2099 apud
916 2043 1193 2086 Victorinum
1213 2057 1256 2098 p.
1279 2043 1347 2094 70,
1368 2044 1419 2086 12
1435 2057 1532 2098 sqq.
1555 2043 1761 2097 leguntur

197 2111 492 2169 „dactylicum
512 2113 848 2157 hexametrum.
867 2145 878 2154 .
895 2145 905 2153 .
924 2144 934 2154 .
952 2112 1190 2155 dividitur.
1209 2145 1218 2154 .
1237 2145 1247 2153 .
1266 2145 1275 2153 .
1294 2112 1341 2155 in
1361 2112 1473 2155 duas
1493 2111 1574 2166 (sc.
1590 2113 1760 2167 partes)

197 2179 420 2239 Ροιῑκόλα
439 2180 543 2234 duo,
571 2181 733 2236 quibus
755 2181 903 2225 omnis
923 2193 1080 2224 versus
1105 2179 1367 2235 constat“.¹)
1416 2180 1528 2223 Nam
1550 2194 1593 2235 p.
1617 2180 1684 2231 70,
1709 2182 1760 2224 12

200 2249 249 2295 in
263 2249 413 2295 verbis
429 2250 723 2306 „dactylicum
745 2251 1055 2294 hexametrum
1071 2253 1251 2293 constat
1271 2263 1295 2292 e
1312 2249 1529 2304 spondeo,
1546 2251 1759 2293 trochaeo

198 2322 247 2365 et
273 2319 463 2364 eodem
492 2319 697 2375 dactylo“
728 2319 846 2363 idem
879 2332 1006 2362 error
1034 2331 1194 2374 graeca
1223 2318 1361 2361 verba
1390 2318 1437 2361 in
1456 2318 1644 2362 latinum
1666 2333 1760 2363 ser-

198 2401 381 2433 monem
401 2388 619 2433 vet-tentis
639 2388 1005 2444 deprehenditur,
1036 2400 1168 2444 quem
1190 2388 1483 2431 commissum
1504 2401 1606 2432 esse
1625 2402 1668 2444 p.
1692 2389 1760 2441 75,

202 2457 255 2503 12
275 2457 370 2513 („et
397 2458 627 2502 eundem
650 2460 993 2514 anapaestum“)
1014 2457 1213 2500 ostendit
1231 2457 1428 2500 Hensius
1450 2457 1505 2500 de
1525 2457 1633 2500 Iuba
1652 2458 1760 2501 arti-

190 2526 369 2583 grapho
389 2527 455 2582 (in
475 2528 573 2571 Act.
594 2540 687 2570 soc.
707 2527 815 2583 phil.
836 2527 955 2583 Lips.
977 2526 1046 2570 ed.
1068 2526 1258 2577 Ritschl,
1280 2526 1365 2569 vol.
1386 2524 1460 2577 lv,
1488 2525 1608 2580 Lips.
1632 2526 1760 2579 1875)

199 2608 243 2651 p.
272 2595 343 2647 47,
374 2609 476 2639 cum
506 2596 729 2639 conferret
761 2596 901 2639 schol.
939 2595 1080 2651 Heph.
1120 2609 1162 2649 p.
1199 2595 1290 2646 175,
1322 2596 1347 2637 2
1387 2593 1492 2647 (W.)
1530 2592 1654 2637 αὐτὸν
1692 2593 1761 2638 τὸν

319 2733 347 2781 Ι)
371 2731 559 2780 εὐρύθμως
584 2734 826 2777 Studemund,
850 2744 893 2771 ac
912 2731 1073 2780 rythmo
1088 2736 1152 2769 sut
1167 2731 1353 2780 ‹zv-ymno·
1367 2733 1493 2774 codd.;
1518 2733 1564 2769 cs.
1580 2732 1760 2779 Anonym.

199 2791 239 2830 in
261 2792 413 2830 Nauekii
437 2792 560 2830 Lexic.
585 2793 742 2829 vindob.
767 2793 925 2839 append.
957 2802 992 2839 Ρ.
1016 2791 1096 2832 322,
1126 2791 1150 2827 8
1181 2791 1315 2836 στροφὴ
1349 2792 1411 2835 μὲν
1442 2790 1504 2826 οὖν
1534 2793 1607 2826 &ott
1636 2791 1762 2827 κώλων

199 2851 318 2887 πῖοσόν
341 2850 520 2898 εὔρυθμος
546 2851 715 2894 σύνθεσις.
771 2850 950 2887 Similiter
971 2849 1152 2886 Aristides
1185 2849 1308 2894 Quint.
1339 2860 1430 2884 voce
1462 2844 1641 2894 ιῦπριπής
1671 2859 1759 2885 usus

201 2911 259 2946 ent
280 2909 342 2956 (cf.
366 2920 401 2956 Ρ.
425 2909 483 2951 32.
510 2910 563 2945 19.
587 2909 645 2950 33.
674 2910 746 2955 18);
772 2910 817 2946 cs.
843 2908 954 2944 etiem
978 2907 1187 2954 Longinum
1216 2907 1254 2943 in
1283 2906 1525 2943 Studemundi
1552 2906 1620 2944 An.
1643 2918 1720 2944 ver.
1746 2909 1760 2944 1

200 2977 238 3014 Ρ.
263 2967 332 3004 128
353 2967 471 3003 schol.
496 2968 543 3004 ad
569 2978 653 3014 pag.
677 2968 734 3009 22,
763 2967 801 3003 11
830 2970 868 3003 et
891 2967 1070 3012 Anonym.
1095 2965 1327 3003 Ambrosian.
1352 2965 1438 3001 ibid.
1465 2976 1499 3011 p.
1525 2965 1603 3006 231.
1627 2966 1684 3002 31.

316 3024 348 3071 ’)
372 3026 418 3062 cf.
442 3026 554 3062 etim
579 3026 639 3063 m.
664 3026 710 3062 Vl
733 3026 812 3066 631.
837 3026 894 3063 25.
