2196 3438
486 433 750 480 ἀνάπαιστον.
810 436 876 478 Re
907 448 1012 478 vera
1051 435 1096 478 in
1126 434 1358 479 Heliodori
1401 434 1662 478 colometria
1701 447 1793 479 non
1833 447 1935 480 raro
1971 432 2048 479 δύο

483 505 603 548 κῶλα
634 506 679 549 in
711 519 849 548 unum
880 504 1022 561 στίχον
1057 503 1358 559 coagmentari
1398 504 1585 548 docetur
1622 506 1754 560 atque
1793 504 1929 550 etiam
1956 505 2047 550 He·

485 575 749 631 phaestione
790 574 932 616 iudice
963 571 1130 630 στίχους
1166 586 1219 616 ex
1257 573 1377 616 binis
1416 572 1527 616 colis
1567 573 1828 617 constitisse
1864 574 2047 619 conclu-

484 645 597 688 seris
630 647 671 687 et
703 658 755 686 ex
790 643 930 686 schol.
956 657 998 697 p.
1021 644 1117 694 206,
1138 643 1298 685 9-10
1317 642 1385 686 W.
1418 645 1463 685 et
1494 655 1549 686 ex
1579 655 1788 687 versuum
1817 645 2047 700 asynarte-

485 717 632 757 torum
663 712 967 767 descriptione
998 725 1039 767 p.
1069 711 1138 763 47,
1160 713 1313 763 8-10,
1336 711 1392 755 de
1415 725 1503 767 qua
1524 710 1815 766 sagacissime
1835 711 2048 757 disseruit

488 784 655 826 Caesar
686 782 732 825 in
764 780 1143 825 commentatione
1181 781 1237 824 de
1266 780 1471 824 versibus
1502 780 1771 836 asynartetis
1809 780 1919 835 (ind.
1948 781 2048 826 lect.

484 852 621 895 Marb.
659 851 782 902 1864)
812 864 856 906 p.
885 851 915 893 4
946 863 1042 905 sqq.

598 920 800 975 Denique
830 918 1015 962 mirifice
1047 918 1306 973 discrimen,
1338 918 1459 974 quod
1491 919 1608 962 inter
1637 919 1772 962 colon
1801 921 1846 963 et
1875 931 2051 964 comma

485 991 692 1041 interest,
737 1002 998 1044 perversum
1045 990 1113 1031 est
1159 987 1278 1043 apud
1316 988 1582 1043 Pompeium
1618 988 1665 1031 in
1696 990 1936 1032 comment.
1965 990 2048 1033 art.

484 1060 645 1103 Donati
678 1059 748 1102 GL
778 1059 813 1100 V
843 1072 886 1113 p.
923 1058 1014 1109 133,
1046 1057 1103 1100 24
1133 1069 1229 1112 sqq.
1262 1056 1366 1110 „ubi
1395 1060 1499 1112 post
1530 1057 1644 1101 duos
1674 1058 1814 1113 pedes
1846 1060 2052 1114 superest

485 1130 666 1185 syllaba,
698 1141 875 1171 comma
906 1130 993 1175 est;
1031 1126 1107 1169 ubi
1147 1129 1254 1181 post
1290 1126 1404 1170 duos
1438 1126 1578 1181 pedes
1618 1126 1751 1179 nihil,
1789 1127 1924 1171 colon
1954 1129 2050 1173 est‘f

489 1202 586 1250 etc,
627 1210 818 1253 quocum
859 1195 1150 1239 consentiunt
1187 1195 1311 1239 Beda
1355 1195 1426 1239 GL
1465 1196 1537 1238 VII
1570 1209 1613 1251 p.
1642 1197 1739 1246 246,
1779 1196 1836 1243 19
1872 1209 1970 1253 sqq.
2009 1198 2054 1240 et

484 1268 636 1311 lsidor.
671 1267 793 1321 Orig.
825 1267 841 1309 l
874 1279 970 1321 cap.
1005 1266 1056 1308 19
1085 1267 1200 1320 part.
1232 1264 1272 1308 6.

600 1336 923 1380 Locutionibus
954 1332 1066 1377 κατὰ
1094 1333 1237 1390 στίχον
1270 1336 1315 1377 et
1348 1332 1460 1376 κατὰ
1493 1332 1685 1390 περίοδον
1724 1337 1847 1379 recte
1885 1334 2053 1392 signifi-

486 1407 578 1450 cari
609 1405 904 1461 principalem
937 1403 1280 1460 compositionis
1312 1402 1663 1457 discrepantiam
1693 1403 1823 1447 facile
1851 1406 2053 1460 apparet,

488 1476 572 1519 etsi
618 1475 819 1518 carmina
849 1473 893 1526 ἐξ
921 1468 1074 1530 ὁμοίων
1112 1472 1239 1528 quasi
1275 1472 1320 1515 in
1365 1472 1515 1515 medio
1559 1471 1660 1515 loco
1706 1472 1858 1528 posita
1905 1485 2050 1530 neque

484 1544 555 1587 his
587 1557 731 1599 neque
763 1542 850 1586 illis
882 1542 977 1585 iure
1014 1541 1301 1585 annumerari
1337 1542 1543 1596 possunt.
1604 1541 1711 1584 Inde
1742 1542 1863 1597 quod
1892 1542 2050 1586 eadem

485 1613 740 1656 differentia
775 1611 907 1655 simul
946 1611 991 1654 in
1032 1611 1142 1666 ipsis
1182 1610 1455 1654 carminibus
1494 1610 1735 1654 exarandis
1770 1611 1913 1655 oculis
1943 1611 2050 1656 sub-

487 1683 723 1734 iciebatur,
774 1681 1087 1736 explicandum
1146 1683 1234 1732 est,
1292 1679 1412 1735 quod
1469 1679 1735 1723 vocabulum
1782 1679 1976 1737 περίοδος
2023 1694 2051 1724 a

486 1751 684 1804 musicis,
732 1750 873 1808 στίχος
925 1764 951 1792 a
1000 1749 1197 1792 librariis
1241 1748 1459 1803 originem
1513 1749 1650 1791 duxit.
1723 1749 1881 1793 Melius
1926 1749 2050 1793 solae

486 1821 697 1865 metricae
742 1820 940 1865 rationes
987 1822 1217 1875 respectae
1263 1821 1368 1861 sunt
1412 1818 1531 1873 apud
1578 1819 1794 1862 Ioannem
1839 1818 2049 1863 Tzetzam

487 1892 531 1934 in
584 1890 776 1934 Cratetis
827 1889 1032 1945 Dionysii
1078 1888 1275 1932 Euclidis
1327 1887 1664 1931 commentario.
1677 1889 1706 1943 ²)
1781 1888 1961 1932 Etenim
2003 1891 2053 1932 ut

485 1960 604 2015 apud
646 1959 1033 2015 Hephaestionem
1076 1957 1335 2012 tragoediae
1384 1956 1678 2000 nominantur
1722 1956 1850 2014 μικτὰ
1890 1954 2051 2013 ymni,

488 2029 651 2084 quippe
710 2042 823 2083 quae
881 2027 1046 2083 partim
1104 2025 1217 2069 κατὰ
1274 2025 1436 2082 στίχον,
1489 2026 1654 2080 partim
1702 2023 1814 2068 κατὰ
1861 2024 2054 2083 σύστημα

488 2098 765 2153 compositae
816 2098 927 2146 sint,
979 2096 1041 2139 ita
1091 2096 1136 2138 in
1191 2094 1515 2138 commentario
1566 2095 1643 2138 illo
1691 2094 1950 2150 tragoedias
1998 2108 2054 2138 ex

488 2167 643 2210 metris
675 2169 719 2209 et
748 2166 947 2221 periodis
980 2168 1188 2208 constare
1220 2165 1474 2215 edocemur,
1511 2177 1612 2207 cum
1645 2163 1833 2220 περίοδοι
1867 2166 1913 2208 et
1948 2176 2055 2208 can-

489 2236 578 2279 tica
608 2236 744 2292 lyrica
774 2239 818 2279 et
847 2238 1197 2290 anapaestorum
1229 2247 1342 2290 quae
1377 2236 1542 2277 vocant
1578 2236 1821 2289 systemata
1851 2246 2055 2289 compre-

489 2306 701 2349 hendant.
774 2304 896 2347 Idem
936 2304 1115 2346 dicendi
1154 2317 1263 2346 usus
1302 2305 1371 2346 est
1409 2302 1527 2357 apud
1571 2302 1819 2346 Aristidem
1853 2316 1897 2358 p.
1926 2303 1996 2355 55,
2026 2303 2054 2346 8

487 2372 539 2417 τὰ
570 2374 620 2416 ἐκ
649 2371 803 2416 τούτων
842 2374 922 2428 (sc.
953 2372 1034 2415 τῶν
1067 2372 1223 2427 ποδῶν)
1262 2369 1461 2429 κόμματα
1497 2372 1572 2413 καὶ
1607 2371 1728 2414 κῶλα
1763 2372 1838 2414 καὶ
1870 2370 2056 2428 περίοδοι

487 2444 560 2485 καὶ
591 2442 805 2499 μέτρι’)
866 2442 1166 2497 Stropharum
1195 2441 1440 2496 particulae
1479 2441 1599 2496 apud
1636 2440 1976 2497 antiquissimos
2007 2440 2054 2484 ni

490 2513 620 2555 fallor
665 2514 872 2555 auctores
917 2509 1229 2554 tantummodo
1274 2508 1395 2552 κῶλα
1440 2513 1480 2552 et
1521 2509 1706 2566 περίοδοι
1743 2510 2055 2562 ηοωίηαιιῒιιτς

606 2651 631 2696 ¹)
658 2651 703 2686 cf.
729 2651 877 2686 Cramer
901 2650 969 2685 An.
995 2650 1063 2686 Ox.
1087 2649 1136 2684 111
1168 2660 1202 2694 p.
1228 2648 1307 2689 343,
1333 2649 1374 2683 21
1411 2659 1512 2693 sqq.;
1543 2648 1738 2694 Westphal
1770 2647 1978 2692 Prolegom.
2010 2658 2055 2683 zu

490 2710 659 2754 Aeschyl.
677 2710 860 2754 Tragoed.
885 2708 997 2754 (Lips.
1014 2708 1116 2753 1869)
1140 2719 1174 2753 p.
1189 2707 1236 2742 xl
1262 2718 1295 2742 v.
1312 2707 1354 2742 15
1378 2717 1461 2752 sqq.
1487 2709 1524 2741 et
1547 2717 1582 2752 p.
1599 2706 1662 2742 XV
1687 2717 1720 2741 v.
1739 2706 1794 2742 79.
1841 2704 2056 2742 Accuratius

489 2770 534 2803 de
559 2769 631 2803 hoc
657 2767 922 2803 commentario
948 2767 1005 2811 egi
1031 2766 1068 2802 in
1094 2766 1338 2802 Commentat.
1371 2765 1408 2801 in
1438 2765 1569 2800 honor.
1594 2764 1687 2800 Guil.
1720 2764 1949 2800 Studemund
1977 2763 2056 2810 (Δι’-

490 2829 628 2870 gentor.
658 2827 759 2872 1889)
785 2838 819 2871 p.
845 2826 915 2861 214
942 2836 1023 2871 sqq.
1075 2826 1179 2869 Quae
1210 2823 1515 2860 Wilamowitzius
1547 2823 1571 2858 l.
1597 2834 1626 2858 c.
1660 2834 1695 2868 p.
1724 2822 1790 2858 134
1818 2822 1903 2858 adn.
1933 2822 1976 2858 21
2009 2822 2056 2858 de

490 2885 641 2920 Euclide
668 2884 877 2930 suspicatus
903 2887 970 2924 est,
995 2883 1085 2918 mihi
1110 2894 1185 2918 non
1210 2882 1405 2928 persuasit.

605 2953 634 2999 ²)
660 2955 706 2989 cf.
732 2954 843 2989 etiam
870 2955 938 2998 ἔπη
966 2957 1002 2988 et
1027 2955 1117 2998 μέλη
1144 2964 1240 2998 quae
1265 2952 1430 2988 distinxit
1453 2949 1630 2987 Zielinski
1646 2950 1871 2995 Gliederung
1886 2949 1922 2986 d.
1938 2949 2056 2986 ultan.

490 3013 591 3047 Rom.
618 3012 728 3057 (Lips.
758 3012 859 3057 1885)
885 3023 918 3056 p.
945 3012 1013 3046 289
1038 3022 1120 3056 sqq.
