2196 3438
957 326 1040 371 103

211 462 404 518 ahs-⁶1,
415 465 604 514 „cumin
629 466 728 521 ipso
749 465 827 509 illo
854 465 1134 520 grammatici
1158 465 1441 510 ratiocinatio
1469 465 1778 521 perspiciatur,

152 579 154 581 ,
211 531 580 591 ;-’,-τροείςιιειιη
609 547 637 578 a
666 533 942 578 carminibus
971 532 1083 576 κατὰ
1112 530 1260 590 τριάδα
1290 533 1553 590 compositis
1583 534 1776 590 epodum

213 601 436 659 bnpsit,
473 602 654 648 residua
693 615 796 647 esse
825 602 1002 646 censuit
1031 603 1252 655 carmina,
1291 603 1337 646 in
1376 602 1537 659 quibus
1574 617 1690 655 non,
1729 607 1778 647 ut

211 671 275 717 in:
288 671 470 725 esteris,
498 675 604 728 post
625 671 758 716 binas
783 670 994 726 strophas
1019 672 1265 727 aequalitas
1286 671 1432 727 epodo
1454 672 1777 716 interveniente

141 771 149 779 ·
211 738 628 797 interrumperetur.
689 740 931 784 Artissima
961 741 1230 795 cognatione
1260 740 1333 784 hic
1362 741 1488 785 locus
1522 742 1778 786 continetur

211 810 491 857 mones.
535 810 664 855 Bass.
709 823 753 865 p.
791 809 891 862 266,
929 810 1053 853 26—
1072 809 1776 871 267‚2etA1-.Quint..p37

215 878 399 932 1.-13,
425 892 456 924 a
483 892 573 936 quo
603 891 706 923 cum
734 881 1143 923 commemorentur
1172 878 1321 935 διμερῆ
1353 882 1398 923 et
1426 879 1613 936 τριμερῆ,
1645 879 1776 924 facile

211 947 463 998 moceria
490 947 806 1004 Aphthonium
844 960 937 991 non
977 948 1075 1002 ipso
1113 948 1294 999 Caesio,
1341 947 1422 992 sed
1460 949 1556 992 eius
1593 951 1776 993 auctore

207 1028 354 1073 ’.μ’
373 1030 491 1070 asae,
520 1030 576 1061 ex
606 1031 695 1073 quo
730 1017 866 1061 etiam
903 1017 1042 1060 verba
1078 1031 1120 1072 p.
1150 1018 1221 1069 59,
1252 1017 1329 1069 7,
1331 1017 1485 1069 ,duas
1529 1017 1775 1074 periodos“

212 1085 496 1134 ment.
554 1086 623 1132 Cf.
652 1086 790 1130 etiam
818 1086 874 1129 Is.
904 1087 1053 1129 Tzetz.
1086 1087 1114 1128 1.
1146 1099 1183 1129 c.
1214 1100 1257 1141 p.
1289 1086 1358 1138 65,
1391 1086 1456 1130 16.
1489 1086 1557 1138 73,
1585 1085 1626 1129 2.

215 1165 242 1194 ‘e-
263 1178 275 1190 e
316 1155 381 1213 *1²
402 1155 686 1212 paragrapho
717 1155 972 1211 insequenti
1003 1155 1065 1210 (p.
1094 1155 1164 1206 59,-
1194 1155 1373 1209 8-23),
1411 1169 1499 1210 qua
1528 1155 1585 1199 de
1614 1156 1775 1200 carmi-

211 1224 349 1272 ὼ
373 1221 488 1269 κατὰ
512 1221 747 1280 περιωπήν
775 1225 937 1278 agitur,
967 1223 1136 1268 Keilius
1168 1226 1296 1267 caute
1326 1236 1549 1278 perpauca
1574 1224 1774 1275 mutavit,

210 1293 307 1342 ul·
322 1304 484 1340 mcor
517 1297 568 1338 ut
605 1294 843 1350 quisquam
889 1307 946 1337 ex
990 1292 1102 1347 ipsis
1147 1295 1296 1336 textus
1335 1292 1482 1336 verbis
1512 1296 1557 1335 et
1586 1293 1774 1336 adnota-

209 1361 414 1411 fimus
449 1363 494 1407 ei
531 1362 781 1407 subiunctis
816 1362 1067 1418 Aphthonii
1102 1362 1172 1405 vel
1217 1361 1312 1404 eius
1351 1374 1483 1417 quem
1520 1362 1775 1416 compilavit

207 1432 412 1478 *neoris
456 1430 730 1477 sententiam
773 1430 958 1486 aperiat.
1033 1430 1343 1474 Thiemannus
1393 1430 1611 1474 nonnulla
1653 1433 1774 1475 recte

211 1501 457 1559 perspexit,
487 1501 570 1544 sed
598 1500 727 1556 plura
756 1499 1041 1543 artificiosius
1073 1499 1327 1543 emendavit
1364 1500 1433 1542 vel
1473 1500 1519 1543 in
1548 1499 1773 1554 margines

210 1569 450 1626 afflavit.
478 1582 614 1627 quam
643 1571 693 1614 ut
727 1568 1013 1613 coniecturae
1050 1568 1147 1612 eius
1191 1571 1323 1623 aptae
1367 1569 1458 1612 sint
1494 1569 1552 1612 ad
1589 1582 1773 1623 persua-

211 1638 423 1685 dendum.
481 1640 649 1683 Caesar
683 1651 776 1681 non
813 1651 957 1693 pauca
995 1638 1202 1681 licentius
1248 1638 1455 1690 mutavit,
1500 1638 1588 1681 alia
1624 1640 1772 1681 trans·

208 1708 378 1766 namt,
403 1708 495 1753 alia
523 1707 701 1760 delevit,
730 1721 819 1763 qua
847 1707 920 1751 via
948 1707 1095 1750 effecit
1130 1707 1485 1758 enarrationem,
1523 1719 1636 1763 quae
1675 1706 1773 1761 ipsa

154 1805 161 1812 ·
210 1759 376 1824 &mla
403 1780 476 1822 est
503 1776 834 1821 offensionibus
865 1776 1076 1832 expeditu
1113 1775 1387 1819 difficillimis
1425 1779 1469 1818 et
1506 1789 1535 1818 a
1568 1775 1772 1819 codicum

210 1846 431 1894 moria
466 1849 560 1890 tam
597 1846 731 1901 longe
773 1846 918 1900 abest,
961 1848 1010 1888 ut
1054 1844 1431 1900 quemadmodum
1466 1845 1578 1887 haec
1612 1857 1666 1887 ex
1697 1844 1772 1888 illa

206 1917 314 1962 ,arta
339 1915 401 1960 sit
429 1928 564 1959 nemo
594 1916 740 1970 possit
768 1914 1007 1969 explicare.
1055 1913 1213 1957 Hensii
1235 1927 1412 1969 quoque
1432 1913 1770 1957 emendationes

209 1983 347 2031 nimis
375 1985 510 2039 longe
537 1997 566 2028 a
594 1984 744 2028 verbis
774 1983 952 2026 traditis
992 1983 1231 2035 recedunt,
1275 1995 1410 2037 quam
1444 1986 1493 2025 ut
1529 1995 1605 2026 eas
1641 1982 1771 2026 unice

209 2066 341 2100 veras
369 2066 473 2099 esse
502 2053 648 2109 quivis
679 2053 767 2096 sibi
804 2051 1087 2108 persuadeat.
1162 2051 1285 2095 Haec
1330 2051 1552 2095 sufficiant
1589 2051 1636 2095 in
1671 2052 1771 2095 uni-

209 2134 391 2167 versum
434 2121 492 2166 de
536 2121 716 2166 illorum
759 2121 994 2164 hominum
1038 2120 1275 2163 doctorum
1321 2119 1609 2172 commentis,
1658 2133 1771 2175 quae

209 2190 472 2248 singillatim
515 2190 783 2245 redarguere
829 2193 873 2233 et
911 2189 1063 2244 magni
1103 2192 1173 2232 est
1211 2189 1378 2232 laboris
1424 2191 1469 2232 et
1505 2202 1770 2243 supervaca-

210 2273 360 2308 neum.
419 2261 563 2316 Spero
601 2260 724 2303 enim
761 2259 857 2303 fore
900 2261 950 2302 ut
992 2258 1116 2313 ipsae
1155 2260 1380 2309 corruant,
1418 2258 1494 2301 ubi
1537 2271 1635 2301 eam
1666 2271 1770 2302 sen·

209 2330 412 2382 tantiam,
456 2342 591 2385 quam
634 2341 786 2372 veram
825 2341 926 2372 esse
965 2340 1143 2379 censeo,
1180 2327 1423 2382 protulero.
1482 2327 1545 2370 Ac
1576 2327 1770 2382 primum

207 2399 390 2457 (pridem
413 2398 535 2443 nulla
554 2401 624 2442 est
645 2397 878 2449 dubitatio,
904 2396 1010 2452 quin
1040 2395 1283 2439 enuntiatis
1312 2409 1354 2450 p.
1379 2396 1447 2445 59,
1476 2396 1662 2439 18—23:
1692 2397 1768 2447 „Si

207 2467 390 2526 quidem
419 2467 604 2512 inducta
639 2466 785 2522 prima
822 2466 1008 2520 strophe
1046 2467 1091 2508 et
1127 2464 1412 2519 antistropho
1451 2478 1605 2507 rursus
1634 2465 1768 2509 aliam

208 2537 428 2595 strophen
451 2539 497 2580 et
518 2536 838 2591 antistrophon
868 2534 1241 2591 praecedentibus
1270 2533 1535 2576 dissimilem
1562 2533 1768 2577 adferant

206 2609 255 2653 et
272 2618 428 2653 rursus
448 2605 627 2650 tertiam
657 2604 738 2659 (sc.
770 2604 988 2659 strophen
1018 2606 1063 2647 et
1091 2602 1428 2657 antistrophon)
1459 2601 1571 2644 nihil
1594 2601 1767 2646 duabus

207 2674 527 2733 praeeuntibus
558 2674 754 2718 similem
783 2675 828 2717 et
858 2675 1062 2728 quartam
1102 2672 1183 2724 (sc.
1215 2671 1433 2726 strophen
1473 2674 1516 2713 et
1553 2670 1767 2714 antistro-

206 2745 351 2802 phon)
378 2757 519 2800 aeque
547 2756 575 2787 a
606 2742 767 2786 ceteris
795 2741 1139 2796 discrepantem.
1169 2739 1239 2784 cui
1261 2739 1464 2783 varietati
1490 2739 1638 2783 solent
1659 2739 1766 2783 illud

205 2813 463 2869 adiungere,
493 2815 542 2857 ut
570 2814 801 2868 postrema
828 2809 931 2866 (leqe
951 2811 1199 2865 postremo)
1227 2808 1399 2863 epodos
1429 2808 1603 2851 cunctis
1633 2808 1767 2851 dissi-

206 2881 327 2928 milis
346 2881 588 2938 aliquando
609 2881 830 2935 iungatur,
850 2878 970 2935 quod
987 2892 1078 2922 non
1095 2881 1268 2922 tantum
1290 2877 1461 2932 tragici,
1483 2875 1563 2920 sed
1579 2879 1623 2920 et
1644 2876 1764 2931 lyrici

206 2953 414 2996 auctores
435 2951 481 2995 in
502 2950 660 3006 epodis
684 2962 819 3005 saepe
843 2948 1085 2998 fecerunt,“
1107 2948 1218 2991 haec
1239 2945 1581 3001 compositionis
1602 2959 1766 3000 genera

208 3019 319 3066 satis
334 3020 592 3076 pervulgata
607 3018 939 3063 describantur:
960 3017 1035 3061 AA
1055 3016 1128 3061 BB
1145 3017 1300 3061 CC....
1319 3018 1362 3059 et
1379 3015 1457 3059 AA
1472 3014 1547 3059 BB
1563 3015 1695 3059 CC...
1714 3014 1764 3058 D.
