2196 3438
1011 273 1068 316 85

85 414 88 418 ’
137 395 460 491 *gamm
518 412 559 455 A
587 411 837 465 scholiasta
859 411 1023 467 prioris
1053 411 1364 455 commentarii
1385 412 1609 455 enarratio
1636 414 1815 466 praeter

87 504 151 557 3
186 473 805 538 Μὶογουμὲνφ
840 479 978 524 etiam
1014 483 1168 535 aperte
1208 480 1482 536 significatur
1510 481 1658 525 verbis
1698 478 1814 523 ἀδιά-

123 538 192 609 κέξ·
252 562 417 609 ἀρν
415 547 507 607 τὴν
549 549 632 592 τῶν
675 547 835 607 μὲιρων
877 546 1128 606 ἐξαλλαγήν.
1193 549 1465 594 Posterior-is
1503 549 1814 594 commentarii

115 668 140 687 ἱ
182 617 499 678 wado
536 631 591 662 ex
630 632 698 671 ea,
735 630 848 675 quae
887 618 934 661 in
970 618 1122 674 priore
1159 618 1293 671 inest,
1331 620 1401 663 vel
1438 633 1495 664 ex
1531 620 1682 676 aliqua
1718 619 1813 662 eius

83 714 90 726 ι
178 688 484 750 mutili
523 689 748 734 incuriose
792 691 1004 744 excerpta
1042 703 1144 733 esse
1179 690 1368 734 videtur.
1435 690 1527 735 Sed
1562 702 1620 733 ne
1648 688 1814 744 prioris

174 757 438 820 fldem
472 757 789 803 commentarii
824 758 1052 802 enarratio
1103 759 1227 807 omni
1272 773 1328 803 ex
1370 762 1499 815 parte
1528 759 1702 814 integra
1731 761 1814 802 est.

166 882 172 885 Α
198 825 376 874 flnm
415 826 690 872 scholiastae
731 827 872 871 verba
914 825 1065 871 οὔτε.
1139 826 1422 886 ,ductorum
1451 829 1542 885 ἔχει
1585 862 1596 871 .
1629 862 1638 871 .
1671 861 1682 871 .
1719 826 1821 871 οὔτε

73 891 135 953 μ’.
174 895 175 898 ’
242 892 544 954 mm*
584 896 782 941 dilucide
825 860 1151 952 posteriorem
1177 898 1551 942 commentarium
1601 898 1814 948 indicant,

93 960 104 1010 v.
185 983 189 985 ·
244 965 428 1021 »muln
440 965 595 1022 priore
616 979 711 1010 non
745 979 887 1022 aeque
907 969 1115 1010 accurate
1145 967 1318 1022 legatur
1345 965 1458 1020 τάξιν
1487 1000 1498 1010 .
1530 1000 1541 1010 .
1572 1001 1582 1010 .
1613 967 1687 1009 καὶ
1717 965 1816 1010 ἀνα-

145 1046 154 1055 ·
247 1032 460 1094 Q
485 1030 568 1078 οὐκ
593 1034 696 1092 ἔχει.
762 1035 956 1079 Inseruit
975 1038 1126 1079 autem
1162 1037 1350 1080 verbum
1381 1034 1494 1088 τάξις
1531 1035 1736 1091 scriptor,
1765 1038 1815 1078 ut

254 1101 922 1161 κὼίοδσαὲιιμέτρων...
954 1104 1052 1160 ἐστὶ,
1082 1101 1224 1157 τάξιν
1252 1105 1300 1148 δὲ
1438 1104 1815 1162 οὖκέχειῐιοωοῐι

158 1217 161 1219 ,
251 1172 439 1236 md
466 1169 632 1217 ἄτακτα
661 1173 919 1228 illustraret,
950 1174 1157 1218 similiter
1185 1177 1320 1230 atque
1351 1175 1398 1218 in
1427 1175 1675 1218 carminum
1705 1172 1816 1216 κατὰ

242 1239 401 1301 enlm·
454 1242 754 1299 explicatione
811 1243 930 1287 fecit.
1013 1244 1180 1287 Eadem
1234 1257 1341 1288 vero
1401 1244 1647 1296 sententia,
1702 1257 1816 1299 quae

248 1309 530 1373 qnhnhnstae
566 1311 717 1356 verbis
755 1311 851 1355 οὔτε
881 1307 1192 1370 ..ὁμοιότητα
1221 1313 1312 1370 ἔχει
1350 1347 1360 1355 .
1392 1346 1402 1355 .
1435 1347 1446 1356 .
1491 1309 1598 1356 ὥστε
1634 1309 1814 1369 στιχήρη

247 1378 456 1449 qussm
505 1379 602 1424 οὔτε
646 1378 951 1438 ἀνακυκλησιν,
1003 1379 1111 1425 ὥστε
1154 1380 1267 1425 κατὰ
1311 1381 1453 1439 σχέσιν
1496 1381 1695 1439 γενέσθαι
1739 1381 1817 1424 de-

252 1448 469 1506 aarum,
499 1450 547 1493 in
576 1449 728 1507 priore
759 1451 1081 1495 commentario
1110 1451 1375 1508 exprimitur
1401 1452 1550 1495 verbis
1581 1449 1676 1503 οὔτε
1705 1450 1816 1493 κατὰ

351 1530 400 1563 ον
433 1515 532 1562 οὐδὲ
576 1516 884 1577 ουστηματικά;
928 1533 1042 1576 quae
1080 1521 1218 1564 verba
1253 1521 1496 1564 nemodum
1541 1521 1651 1564 satis
1694 1520 1815 1562 bene

405 1590 576 1632 retatus
606 1591 688 1634 est.
747 1589 902 1632 Inesse
932 1590 1053 1633 enim
1083 1590 1258 1634 videtur
1287 1590 1334 1633 in
1354 1590 1419 1634 eis
1451 1603 1543 1633 non
1574 1588 1814 1632 mediocris

227 1640 472 1714 ·ffiensio‚
523 1658 736 1714 quoniam
787 1658 887 1714 ipsa
936 1659 1137 1702 carmina
1187 1658 1361 1716 μετρικοὶ
1405 1658 1569 1702 ἄτακτα
1621 1658 1817 1714 speciem

236 1715 338 1770 »nstv
377 1730 695 1785 συσπιματικῶν
739 1727 948 1772 efficiunt.
992 1753 1050 1760 —
1090 1729 1131 1771 A
1175 1734 1380 1785 μετρικοῖς
1434 1727 1628 1779 ἀτάκτοις
1674 1728 1816 1770 seclu-

256 1791 424 1840 duntur
462 1809 492 1840 a
543 1796 789 1840 scholiasta
850 1797 1203 1853 compositiones
1254 1796 1366 1840 κατὰ
1418 1797 1561 1854 στίχον
1612 1800 1656 1840 et
1706 1795 1816 1838 κατὰ

255 1861 420 1923 όκέαν·
463 1864 584 1908 idem
628 1864 678 1908 fit
719 1865 868 1909 verbis
913 1866 1003 1909 illis
1048 1861 1143 1909 οὔτε
1186 1865 1297 1909 κατὰ
1342 1865 1484 1923 στίχον
1527 1863 1625 1908 οὐδὲ
1667 1878 1817 1920 συστη-

251 1931 427 1993 μάταιά,
471 1946 572 1977 cum
623 1936 757 1978 antea
800 1948 843 1989 p
888 1934 943 1978 IV
978 1936 1006 1978 6
1052 1936 1247 1991 scriptor
1290 1936 1491 1980 carmina
1526 1934 1638 1978 κατὰ
1674 1933 1817 1991 σχὲσιν

251 2007 317 2056 οι
348 2002 615 2055 vocavisset,
658 2000 741 2045 ὅσα
775 2009 982 2060 μετρεῖται
1018 2002 1098 2047 ὑπὸ
1135 2003 1409 2062 συστήματος.
1477 2004 1652 2048 Nullam
1682 2004 1818 2046 aliam

259 2064 448 2116 subesse
493 2071 566 2116 his
603 2072 755 2116 verbis
802 2073 1075 2117 sententiam
1121 2074 1369 2118 luculenter
1412 2074 1700 2117 confirmatur
1737 2072 1816 2124 eis,

260 2153 374 2198 quae
427 2141 473 2184 in
525 2143 714 2197 utroque
767 2142 1093 2186 commentario
1139 2143 1196 2186 de
1242 2143 1515 2187 carminibus
1568 2141 1611 2195 ἐξ
1667 2139 1818 2198 ὁμοίων

261 2209 612 2266 praecipiuntur.
670 2211 825 2266 Aeque
854 2213 988 2267 atque
1020 2212 1067 2255 in
1098 2217 1303 2269 μετρικοῖς
1323 2207 1528 2266 ἀτάκτοις,
1558 2214 1608 2254 ut
1638 2223 1817 2254 carmen

259 2277 444 2336 aliquod
472 2282 592 2324 recte
623 2277 667 2332 ἐξ
696 2274 850 2337 ὁμοίων
879 2280 969 2324 diei
998 2281 1158 2336 possit,
1188 2295 1375 2326 necesse
1406 2284 1476 2326 est
1513 2293 1658 2337 neque
1696 2292 1817 2323 com-

258 2347 533 2407 positionem
552 2347 664 2392 κατὰ
693 2347 836 2406 στίχον
870 2362 1015 2406 neque
1044 2349 1157 2393 κατὰ
1184 2350 1328 2408 σχίσιν
1365 2351 1413 2394 in
1443 2364 1497 2394 eo
1528 2349 1817 2406 deprehendi.

253 2414 308 2464 ln
368 2418 623 2474 posteriore
680 2419 1004 2463 commentario
1061 2423 1250 2476 utraque
1309 2420 1578 2476 compositio
1635 2418 1819 2462 reicitur

258 2499 304 2544 p.
332 2486 471 2532 XIVI
504 2485 654 2530 verbis
684 2485 784 2530 ἄνευ
812 2484 996 2545 ἀριθμοῦ
1023 2502 1129 2541 τινος
1158 2487 1439 2547 ώρισμένουῑ),
1469 2490 1574 2546 post
1605 2489 1661 2532 de
1696 2501 1819 2531 com-

258 2556 486 2614 positione
522 2554 635 2599 κατὰ
671 2554 814 2614 σχέσιν
853 2557 990 2601 etiam
1027 2558 1255 2614 copiosius
1286 2558 1552 2614 disputatur,
1593 2559 1638 2601 in
1667 2557 1817 2613 priore

258 2625 397 2670 verba
426 2623 503 2669 illa
531 2625 707 2678 desunt,
744 2625 825 2669 sed
860 2639 944 2682 pro
984 2627 1048 2671 eis
1079 2627 1298 2672 habemus
1334 2641 1378 2683 p.
1411 2627 1464 2670 lv
1499 2627 1549 2670 12
1568 2650 1619 2659 --
1642 2627 1692 2670 13
1722 2623 1817 2668 οὔτε

382 2810 408 2857 ⁸)
430 2810 474 2847 ln
497 2809 730 2852 canninibus.
755 2820 852 2856 quae
877 2821 922 2847 ex
938 2812 1070 2848 eodem
1085 2812 1179 2858 pede
1195 2813 1253 2849 vel
1269 2813 1399 2849 eadem
1417 2812 1565 2858 syzygia
1589 2811 1647 2848 vel
1665 2810 1817 2858 periodo

263 2871 447 2911 constant,
469 2869 566 2905 inter
589 2868 879 2915 compositiones
902 2870 998 2905 κατὰ
1022 2872 1140 2915 στίχον
1165 2874 1202 2907 et
1224 2871 1320 2906 κατὰ
1345 2874 1460 2916 σχίσιν
1484 2871 1555 2906 hoc
1572 2880 1685 2906 unum
1708 2868 1816 2904 inter-

264 2930 335 2970 est.
357 2927 460 2974 quod
476 2930 588 2972 στίχοι
604 2927 702 2963 ultra
719 2930 859 2964 eertum
884 2928 1035 2965 modum
1052 2929 1230 2966 excedere
1255 2933 1454 2975 nequeunt,
1480 2939 1562 2965 cum
1586 2928 1819 2975 stropharum

265 2985 419 3032 μέγεθος
445 2985 560 3023 nullia
586 2985 634 3022 sit
658 2986 822 3022 terminis
847 2986 1170 3033 circumscriptum.
