2196 3438
948 329 1021 371 121

202 464 394 525 Q
414 466 884 521 tanta-estsfontium
927 467 1115 522 penuria
1151 471 1200 512 ut
1237 469 1308 512 vix
1347 483 1570 525 perpauca
1600 471 1655 514 de
1686 472 1767 515 hac

163 583 166 586 Δ
205 538 395 591 *mm
423 534 756 590 probabilitatis
787 535 938 590 specie
967 536 1186 591 suspicari
1216 538 1358 581 liceat.
1418 539 1562 594 Spero
1590 540 1769 595 quidem

206 601 314 653 bnt
337 605 390 648 ut
425 603 659 649 doctrinae
695 603 909 648 metricae
946 604 1137 649 historia
1175 606 1309 650 etiam
1347 608 1598 652 accuratius
1636 622 1769 664 quam

208 670 359 721 dimo
403 672 571 717 factum
615 675 686 716 est
728 673 984 717 examinata
1020 677 1152 729 atque
1196 675 1418 720 illustrata
1453 677 1556 720 huic
1594 690 1770 733 quoque

206 740 332 798 nuti
357 741 528 798 aliquid
562 741 676 786 lucis
714 742 942 798 affulgeat:
988 757 1101 798 quae
1139 758 1258 788 nunc
1296 745 1383 789 dici
1413 750 1624 801 possunt,
1660 747 1771 790 haec

210 808 453 858 hesum.
513 810 664 855 Prima
694 811 844 866 specie
875 812 1018 868 quivis
1048 813 1172 857 videt
1201 827 1293 858 non
1327 828 1469 870 pauca
1498 815 1608 859 artis
1638 828 1769 859 voca-

206 878 319 937 hub
344 879 467 926 velut
494 878 648 934 κῶλον,
676 877 837 938 κόμμα,
867 880 1027 938 μέτρον,
1057 882 1260 939 περίοδος,
1291 882 1466 942 στροφή,
1491 883 1769 942 ἀντίστροφος,

208 944 375 1006 m
388 947 827 1005 *distinctionemque
858 951 1107 995 carminum
1134 952 1246 995 κατὰ
1275 953 1417 1011 στίχον
1447 957 1492 997 et
1517 953 1628 996 κατὰ
1657 953 1769 1010 περί·

209 1015 318 1069 em
333 1016 397 1071 ad
422 1017 739 1074 antiquissima
767 1022 973 1075 tempora
1003 1021 1163 1074 redire,
1195 1026 1351 1066 contra
1382 1036 1546 1078 genera
1569 1023 1771 1079 μετρικῶν

209 1082 423 1142 m,
452 1084 736 1143 «ἐπιθετικῶν,
768 1088 1017 1132 carminum
1055 1089 1098 1142 ἐξ
1128 1088 1280 1147 ὁμοίων
1317 1092 1579 1147 speciesque
1610 1092 1770 1135 carmi·

208 1153 675 1214 *mstmeaugoevmv
712 1159 758 1200 et
795 1156 838 1209 ἐξ
882 1155 1034 1214 ὁμοίων
1077 1160 1405 1214 posterioribus
1445 1161 1623 1204 demum
1658 1163 1769 1204 tem-

207 1223 411 1281 mihis-
440 1238 471 1270 a
512 1226 818 1281 grammaticis
863 1240 965 1270 esse
1003 1229 1265 1283 excogitata.
1332 1230 1396 1272 De
1436 1230 1621 1284 singulis
1658 1242 1770 1284 quae

208 1291 404 1341 &enda
432 1297 540 1339 sunt
568 1308 706 1350 supra
734 1296 975 1340 occasione
997 1297 1101 1341 data
1121 1298 1269 1349 attuli;
1301 1299 1382 1342 sed
1400 1312 1544 1354 pauca
1563 1298 1771 1342 addenda

211 1365 326 1410 mni·
359 1362 421 1408 da
462 1363 735 1408 carminibus
771 1363 885 1408 κατὰ
921 1365 1064 1422 σχέσιν
1099 1370 1141 1410 et
1173 1365 1512 1424 ἀπολελυμένας,
1550 1381 1663 1423 quae
1694 1381 1770 1410 ex-

211 1431 358 1489 aptis
386 1433 662 1481 carminibus
691 1432 804 1477 κατὰ
832 1434 975 1492 στίχον
1013 1436 1110 1479 sola
1147 1437 1202 1479 ab
1239 1437 1435 1480 Aristide
1466 1437 1648 1479 vocibus
1680 1436 1770 1479 sol-

210 1495 437 1553 lentibus
464 1503 730 1548 afficiuntur.

322 1571 593 1617 Aristoteles
623 1572 672 1616 in
701 1573 813 1617 artis
842 1574 1095 1618 rhetoricae
1131 1575 1233 1618 libri
1271 1576 1324 1618 lII
1363 1589 1457 1631 cap.
1488 1577 1515 1619 9
1545 1577 1604 1631 (p.
1639 1577 1767 1619 1409·

210 1639 408 1698 Ἆπις.)
436 1641 537 1686 loco
568 1642 850 1686 conclamato
881 1643 992 1687 duas
1025 1657 1125 1687 esse
1154 1645 1391 1699 primarias
1415 1646 1639 1700 pedestris
1669 1658 1769 1688 ora-

210 1709 352 1757 tionis
380 1709 551 1756 formas
582 1711 735 1765 docet,
773 1712 960 1756 alteram
999 1713 1212 1770 εἰρομένην
1242 1715 1315 1756 καὶ
1342 1718 1401 1771 τῷ
1431 1714 1644 1771 συνδέσμῳ
1675 1713 1770 1771 μίαν

211 1778 244 1825 ia
262 1787 305 1824 ο.
332 1779 651 1824 coniunctione
682 1782 830 1825 solum
853 1785 1101 1826 coartatam
1125 1783 1218 1826 sive
1242 1784 1433 1836 vinculo,
1457 1785 1576 1839 quod
1599 1797 1691 1827 non
1716 1798 1770 1827 ex

212 1847 356 1905 ipsius
393 1848 546 1894 indole
582 1851 864 1906 profluxerit,
896 1851 976 1895 sed
1007 1852 1116 1895 foris
1146 1853 1332 1908 petitum
1372 1853 1442 1906 sit,
1478 1854 1665 1896 alteram
1694 1867 1770 1895 κα·

210 1917 522 1976 τισφαμμίνην
541 1919 569 1963 i.
591 1933 629 1963 e.
648 1922 745 1963 arte
769 1923 813 1964 et
836 1920 1011 1964 ratione
1034 1922 1150 1964 hene
1172 1923 1443 1965 conclusam.
1488 1923 1614 1965 Hanc
1630 1923 1769 1965 multo

210 1989 456 2044 praestare,
477 1987 641 2044 quippe
657 2002 771 2045 quae
788 2003 1023 2034 numerum
1044 1985 1244 2047 (ἀριθμόν
1264 1991 1393 2034 140911
1410 1992 1455 2043 5)
1479 1991 1706 2035 contineat
1727 1995 1770 2034 et

210 2068 292 2112 por
319 2068 371 2101 se
398 2055 499 2112 ipsa
526 2059 620 2102 tam
650 2058 828 2103 initium
859 2073 992 2115 quam
1016 2060 1149 2102 finem
1179 2060 1355 2112 habeat,
1385 2073 1484 2103 cum
1506 2060 1581 2103 illa
1608 2074 1771 2116 aequa-

210 2124 364 2171 biliter
390 2139 450 2171 ne
479 2127 538 2171 ad
568 2128 775 2183 spiritum
806 2129 984 2184 quidem
1013 2129 1262 2172 ducendum
1287 2143 1504 2173 concesso
1527 2130 1672 2185 spatio
1694 2130 1770 2172 de·

213 2197 376 2249 currat,
403 2196 563 2252 quoad*
580 2197 800 2241 exhausta
830 2199 1019 2242 materia
1048 2198 1134 2253 ipsi
1167 2212 1342 2254 quoque
1372 2199 1471 2242 finis
1503 2199 1770 2254 imponatur.

210 2263 334 2310 Idem
362 2263 457 2310 lere
486 2265 731 2311 discrimen
762 2268 885 2311 cerni
924 2268 969 2310 in
1006 2268 1247 2322 poematis,
1290 2281 1389 2311 cum
1430 2268 1550 2311 illam
1582 2268 1770 2310 formam

214 2333 492 2379 constituant
511 2334 557 2378 αἰ
574 2335 619 2379 ἐν
635 2341 720 2388 τοῖς
740 2335 1012 2394 διθυράμβοις
1034 2335 1249 2394 ἀναβολαί,
1276 2338 1393 2380 hanc
1422 2337 1465 2379 αἱ
1482 2338 1562 2379 τῶν
1583 2335 1770 2393 ἀρχαίων

212 2402 396 2460 mem&
424 2397 697 2462 ἀντίστροφοι.
759 2407 1060 2461 Opp'onuntur
1092 2406 1224 2460 igitur
1258 2406 1375 2449 inter
1413 2419 1462 2449 se
1493 2407 1645 2450 omnia
1674 2419 1772 2449 car-

212 2470 359 2525 mina,
402 2472 451 2516 in
483 2474 656 2530 quibus
703 2475 861 2519 eadem
906 2475 1092 2530 stropha
1130 2475 1230 2530 plus
1269 2476 1407 2518 semel
1447 2479 1646 2519 recurrat
1679 2476 1771 2519 sive

212 2542 540 2598 monostropha
588 2547 694 2587 sunt
744 2544 836 2587 sive
891 2544 1078 2599 epodica
1133 2544 1226 2587 sive
1275 2544 1411 2587 alium
1461 2544 1771 2600 responsionis

212 2609 419 2655 ordinem
457 2611 735 2667 exhibent¹)‚
782 2616 826 2656 et
865 2612 1248 2668 dithyramborum
1284 2613 1537 2667 prooemia,
1583 2626 1771 2669 quorum

213 2679 587 2736 compositionem
620 2695 713 2725 non
743 2682 878 2725 aliam
917 2681 1055 2725 fuisse
1093 2684 1226 2737 atque
1257 2682 1483 2725 Timothei
1520 2695 1771 2734 nemorum,

213 2761 327 2804 quos
357 2749 606 2793 carminum
638 2748 956 2807 ἀπολελυμένων
986 2749 1239 2805 exemplum
1270 2763 1370 2794 esse
1398 2751 1536 2794 voluit
1566 2751 1772 2807 Hephae·

213 2816 303 2861 stio
329 2818 392 2873 (p.
423 2817 502 2862 XII
532 2819 558 2861 3
591 2821 688 2875 sq.)‚
720 2819 922 2874 pluribus
954 2818 1266 2862 demonstrare
1298 2832 1388 2861 non
1428 2832 1541 2875 opus
1582 2823 1669 2870 est:
1717 2820 1771 2863 cs.

213 2884 347 2930 etiam
367 2887 553 2931 Aristot.
575 2888 793 2943 problem.
815 2887 913 2931 XIX
945 2900 1039 2943 cap.
1068 2888 1132 2931 15.
1180 2887 1295 2943 Ergo
1317 2888 1542 2932 artissime
1563 2889 1772 2933 cohaeret

329 2994 357 3040 ¹)
382 2995 558 3033 Similiter
583 2998 678 3044 apud
708 2997 814 3033 Arist.
843 2998 910 3042 Qu.
939 3009 972 3043 p.
992 2996 1049 3038 37,
1079 2996 1120 3033 12
1146 2996 1281 3033 locutio
1307 2997 1351 3033 τὰ
1375 2995 1647 3043 ἀντιστρέφοντα
1671 3009 1772 3036 ηοω·-

212 3056 301 3099 pata
325 3053 476 3091 videtur.
