2196 3438
949 342 1006 389 49

186 482 286 528 tim
317 479 583 527 amnentur
603 476 750 528 Crusii
780 485 1076 538 coniecturae,
1116 485 1190 542 qui
1229 484 1275 529 in
1306 485 1557 531 Comment.
1587 485 1742 541 philol.

189 547 438 597 ΜΟ
464 552 628 596 oblatis
659 552 796 608 (Lips.
830 553 958 609 1888)
987 568 1030 609 p.
1066 556 1116 597 15
1147 555 1248 598 adn.
1280 556 1306 597 2
1335 555 1571 610 proposuit
1599 554 1753 611 γίνεται

137 613 277 680 *τῖῢρ
303 615 445 679 ὄοηρ
481 619 596 678 τριὰς
631 619 817 679 ἐπῳδική
855 620 911 674 ὡς
946 621 999 665 τοί
1036 637 1086 680 γε
1129 623 1303 667 πλεῖστα
1340 621 1546 681 Πινδάρου
1583 624 1656 666 καὶ
1685 622 1752 666 Σι-

189 680 373 749 Meu
409 689 633 748 πεποίηται
669 688 799 742 οὕτως
834 692 908 734 καὶ
941 692 1088 748 τετρὰς
1125 694 1196 735 καὶ
1225 692 1373 744 πεντὰς
1401 693 1475 735 καὶ
1505 693 1571 736 ἐπὶ
1598 693 1752 738 πλεῖον.

190 757 366 804 fflntra
408 760 712 813 Barhamium,
757 773 859 805 cum
902 762 1040 804 verba
1084 759 1274 818 δηλονότι
1326 787 1384 793 -
1427 762 1650 819 πεποίηται
1694 764 1751 806 ad

135 844 138 846 ’
191 834 336 886 κω
366 829 603 886 epodicum
633 829 834 883 referret,
864 843 947 874 acu
973 844 1069 874 rem
1089 831 1290 886 tetigisse
1312 832 1599 875 confirmatur
1617 831 1752 875 etiam

188 891 332 943 Isiaci
385 898 576 943 Tzetzae
620 901 665 942 et
717 898 987 944 scholiastae
1032 900 1318 944 testimoniis.
1399 901 1585 944 Tzetzes
1633 900 1752 943 enim

191 969 336 1022 mus
365 966 432 1011 sic
461 967 675 1012 describit
702 981 746 1023 p.
777 968 846 1021 66,
881 970 900 1011 1
937 983 1033 1024 sqq.

331 1033 450 1094 fflp’
478 1034 542 1079 l&
569 1035 622 1079 τά
660 1035 847 1092 ἐπῳδικά
876 1034 1108 1094 ὑποδιαιρεῖ
1138 1034 1262 1081 πάλιν

251 1110 256 1115 ’
331 1105 407 1148 παὶ
431 1102 666 1161 τοῦσχατον
694 1104 742 1147 δὲ
769 1104 949 1162 γίνωσκε
978 1103 1096 1149 ταῦτ’
1128 1106 1227 1150 ὄντα
1258 1107 1301 1151 ἐν
1329 1104 1480 1163 τριάδι·

317 1170 525 1230 εὕρηνται
552 1173 626 1215 καὶ
653 1173 877 1229 τετραδικά
914 1172 987 1217 σὺν
1015 1180 1099 1226 τοῖς
1126 1175 1442 1231 πενταδ<ικ>οῐς
1470 1189 1532 1231 γε,

188 1243 350 1299 m
399 1241 587 1298 singulis
633 1242 923 1298 epodicorum
969 1244 1203 1299 speciebus
1249 1244 1520 1288 enumeratis
1574 1245 1633 1298 (p.
1680 1245 1748 1298 66,

191 1309 381 1366 μω)
409 1310 467 1355 de
495 1310 646 1367 specie
677 1311 866 1366 epodica
895 1312 1007 1355 haec
1037 1312 1192 1356 refert:

193 1376 231 1408 δ’
259 1387 261 1390 “
294 1375 549 1441 Ἔπφδικὰ
577 1380 652 1437 μὲν
679 1379 871 1437 γίνωσκε,
902 1381 969 1423 ἴνα
997 1380 1067 1424 τὸν
1096 1380 1193 1438 ὅρον
1223 1382 1338 1437 εἴπω,

230 1440 236 1470 ἶ
337 1447 398 1500 οἷς
424 1462 526 1492 τισιν
554 1447 791 1505 ἐπιφέρεται
821 1447 1014 1507 ἀνόμοιον
1044 1448 1210 1507 ὁμοίοις.

331 1586 445 1645 ίχιις
470 1585 541 1631 τὸν
568 1586 775 1644 Πίνδαρον
803 1587 927 1632 αὐτὸν
955 1586 1113 1641 τούτοις
1141 1592 1474 1646 χοροστατοῡντα
1517 1591 1749 1648 (χωροστα-

443 1655 591 1701 τοῦντα
622 1658 783 1713 codd.).

299 1724 424 1770 Idem
458 1726 636 1770 videtur
673 1727 919 1771 scholiasta
955 1736 998 1782 p:
1037 1728 1150 1771 XVII
1186 1730 1212 1771 9
1245 1743 1341 1784 sqq.
1381 1729 1593 1773 sensisse.
1662 1731 1748 1774 Ac-

189 1793 321 1848 cedit,
364 1795 486 1851 quod
531 1796 577 1838 in
609 1797 935 1840 commentario
974 1798 1004 1850 Ι,
1043 1811 1143 1841 cum
1181 1798 1369 1853 epodica
1405 1799 1585 1853 proprie
1617 1799 1748 1852 dicta,

188 1862 431 1917 monadica,
467 1864 685 1920 proodica
722 1865 839 1909 inter
876 1868 1006 1910 terna
1044 1869 1286 1922 systemata
1327 1867 1560 1919 contineri,
1601 1871 1748 1912 cetera

189 1944 425 1978 numerum
453 1934 700 1978 ternarium
731 1935 881 1990 egredi
913 1936 1171 1988 doceantur,
1211 1936 1308 1991 ipsa
1340 1936 1414 1978 illa
1445 1936 1501 1979 de
1530 1937 1674 1980 triade
1705 1941 1748 1980 et

194 2002 369 2046 tetrade
411 2004 456 2046 et
497 2003 693 2058 pentade
736 2007 977 2060 praecepta
1020 2005 1078 2048 ad
1122 2018 1262 2060 genus
1316 2005 1553 2060 epodicum
1599 2006 1749 2049 detru-

192 2069 373 2116 duntur.
431 2071 651 2115 Tetrades
682 2071 816 2127 igitur
845 2074 892 2116 in
921 2074 1099 2128 generis
1132 2073 1306 2129 epodici
1329 2074 1625 2129 explicatione
1645 2089 1747 2130 per-

189 2139 308 2184 bene
337 2139 397 2183 ad
424 2140 654 2195 periodica
682 2144 728 2185 et
756 2141 1012 2197 palinodica
1043 2146 1260 2198 spectant,
1299 2143 1378 2186 sed
1416 2143 1522 2199 quid
1553 2144 1607 2186 de
1636 2158 1747 2199 pen-

191 2207 404 2253 tadibus?
468 2209 557 2254 Aut
601 2210 731 2254 t'allor
773 2213 848 2255 aut
887 2211 1072 2255 nimium
1116 2211 1372 2267 diligentiae
1415 2213 1462 2255 in
1500 2213 1587 2255 hoc
1617 2227 1748 2257 voca-

190 2277 297 2321 bulo
313 2276 650 2333 interpretando
671 2279 753 2322 viri
775 2279 894 2323 docti
917 2283 1304 2335 consumpserunt.
1349 2281 1623 2336 Hephaestio
1640 2282 1748 2325 dicit

189 2345 250 2390 ad
287 2345 475 2402 epodica
520 2346 836 2390 constituenda
879 2347 1113 2391 minimum
1150 2349 1292 2392 ternis
1331 2362 1443 2404 opus
1475 2362 1575 2392 esse
1607 2353 1747 2405 syste-

190 2414 338 2468 matis,
368 2414 580 2471 quoniam
609 2415 769 2460 adesse
791 2419 996 2472 oporteat
1017 2418 1248 2473 strophen,
1279 2418 1609 2473 antistrophon,
1641 2432 1746 2474 epo-

191 2483 296 2528 don.
355 2483 475 2528 Nihil
521 2497 627 2528 vero
673 2484 904 2541 impedire,
951 2487 1190 2542 quominus
1234 2486 1362 2542 plura
1391 2490 1633 2542 systemata
1677 2489 1744 2531 vel

190 2555 409 2611 quaterna
447 2553 515 2597 vel
555 2553 691 2609 quina
731 2554 798 2598 vel
837 2555 971 2599 etiam
1010 2556 1139 2611 plura
1176 2559 1460 2611 usurpentur.
1520 2557 1747 2609 Quaterna

190 2622 360 2667 rettulit
403 2622 460 2665 ad
503 2622 758 2678 palinodica
797 2626 841 2667 et
874 2624 1122 2679 periodica;
1162 2621 1356 2676 πεντάδες
1394 2625 1462 2668 vel
1501 2622 1643 2677 ὲξσῖδες
1678 2626 1746 2669 vel

190 2691 326 2736 etiam
355 2688 584 2749 ἱβδομοίδες
622 2705 727 2735 num
769 2705 816 2735 re
846 2706 950 2736 vera
982 2693 1027 2736 in
1059 2707 1141 2737 usu
1173 2697 1326 2737 essent
1366 2708 1457 2737 non
1499 2695 1639 2750 magis
1672 2708 1747 2738 cu-

189 2760 317 2813 ravit,
353 2772 486 2816 quam
522 2773 630 2803 num
668 2760 849 2817 μεσῳδοί
886 2765 1103 2806 extarent.
1163 2762 1275 2806 Nam
1307 2762 1403 2806 sine
1435 2763 1570 2806 dubio
1604 2763 1640 2806 is
1673 2764 1745 2820 qui

190 2828 371 2886 scripsit
407 2826 547 2885 ὥσπερ
579 2829 625 2871 δὲ
660 2829 790 2872 ταῦτα
828 2827 1073 2886 εὑρίσκεται,
1113 2828 1220 2874 οὕτω
1257 2829 1436 2887 γένοιντο
1468 2830 1516 2874 ἄν
1545 2846 1647 2884 τινες
1675 2833 1748 2875 καὶ

190 2896 372 2955 μισφδοί
413 2897 566 2952 (XXVI
616 2899 685 2953 13)
729 2898 940 2943 mesodos
986 2899 1190 2955 cognitos
1237 2900 1391 2944 habuit
1431 2900 1590 2944 nullos.
1659 2901 1746 2944 Nec

190 2969 342 3011 tamen
381 2966 598 3011 dubitavit
636 2981 789 3011 eorum
830 2982 969 3024 genus
1001 2969 1046 3012 in
1078 2969 1272 3013 libellum
1315 2970 1524 3025 recipere.
1586 2970 1746 3014 Verum

191 3033 231 3078 si
274 3035 374 3092 quis
418 3035 571 3092 utique
610 3037 983 3093 compositionem
1024 3051 1070 3082 re
1108 3051 1155 3081 vc
1169 3052 1216 3082 ra
1253 3043 1512 3094 usurpatam
1551 3040 1748 3095 requirit,

1476 3119 1499 3154 4
