2196 3438
1212 323 1292 367 124

464 464 627 507 Postea
658 463 968 508 Stesichorum
1008 466 1141 518 atque
1178 463 1421 506 Pindarum
1463 462 1699 521 μεταβολῆς
1731 463 1853 521 ἔρωτι
1880 462 2024 521 perio·

463 533 621 577 dorum
664 534 881 576 ambitum
926 545 1223 588 propagasse
1268 533 1330 576 ita
1373 535 1423 575 ut
1467 535 1512 575 et
1550 533 1763 588 strophae
1807 535 1853 577 et
1891 532 2024 588 evodi

464 603 690 657 longiores
723 602 923 645 redditae
962 601 1064 644 sint.
1133 601 1337 645 Tertium
1376 602 1568 680 denique
1606 614 1747 657 genus
1786 601 2023 647 Philoxeni

463 675 506 714 et
543 672 769 715 Timothei
810 670 1102 726 dithyrambis
1149 671 1454 723 constituitur,
1500 670 1547 714 in
1595 671 1757 726 quibus
1793 673 1840 715 et
1881 673 2027 717 metra

462 744 506 783 et
545 741 776 795 rhythmos
822 743 867 783 et
910 739 1071 783 modos
1116 740 1238 783 varie
1277 740 1395 783 inter
1432 752 1481 783 se
1521 739 1804 783 commisceri
1839 742 1884 784 et
1916 751 2025 785 con-

461 810 599 852 fundi.
613 811 643 863 ¹)
703 810 940 852 Postremo
979 809 1219 864 Dionysius
1259 809 1467 852 similiter
1510 812 1645 865 atque
1682 807 2024 865 Theophrastus

461 879 516 922 ad
550 879 774 922 sermonis
803 879 1025 934 pedestris
1058 879 1286 922 licentiam
1315 879 1493 922 transit.

574 960 893 1004 Aristoxenum
925 973 1115 1016 quoque,
1146 960 1243 1016 qui,
1273 959 1528 1016 ubicunque
1557 961 1761 1015 potestas
1800 958 1906 1004 data
1941 962 2024 1013 est,

461 1044 626 1074 novum
671 1029 1097 1086 dithyrambicorum
1143 1030 1394 1074 Atticorum
1440 1042 1615 1073 morem
1658 1031 1708 1072 ut
1757 1028 2026 1074 dissolutum

462 1113 604 1155 neque
634 1098 745 1156 ἦθος
783 1102 1038 1143 servantem
1085 1099 1254 1142 severis
1300 1102 1500 1143 veterum
1539 1099 1762 1154 poematis
1800 1099 2024 1155 opposuit,

460 1169 515 1212 de
546 1169 611 1212 eis
651 1183 763 1225 quae
801 1168 1069 1212 Aristoteles
1116 1168 1323 1212 distinxit
1362 1168 1612 1212 carminum
1649 1167 1888 1223 generibus
1932 1167 2025 1212 dis-

459 1241 642 1293 putasse
671 1252 753 1295 per
784 1252 833 1282 se
865 1241 1220 1282 consentaneum
1252 1241 1333 1284 est.
1393 1237 1547 1293 Neque
1578 1237 1673 1281 scio
1703 1250 1763 1281 an
1793 1250 1887 1282 non
1917 1250 2026 1282 casu

460 1308 625 1352 sactum
657 1308 729 1361 sit,
758 1311 808 1351 ut
838 1308 996 1351 eodem
1025 1308 1245 1351 vocabulo
1276 1307 1385 1363 εἰκῆ,
1417 1319 1505 1363 quo
1532 1305 1809 1362 Hephaestio
1836 1320 1880 1363 p.
1899 1306 1979 1351 ΧΠ
1996 1307 2024 1351 3

461 1378 661 1421 carmina
704 1378 912 1421 absoluta
957 1376 1248 1433 denotavit2),
1301 1376 1623 1429 Aristoxenus,
1670 1389 1771 1419 cum
1815 1376 1904 1420 duo
1946 1375 2026 1421 illa

459 1446 568 1490 artis
607 1447 804 1490 musicae
843 1460 1008 1501 genera
1051 1446 1170 1490 inter
1215 1459 1264 1489 se
1302 1448 1571 1501 opponeret,
1608 1445 1680 1488 bis
1719 1457 1878 1489 recens
1914 1444 2024 1489 illud

460 1515 759 1567 denotaverit;
791 1515 844 1558 cf.
875 1515 1090 1558 Ps.-Plut.
1123 1515 1177 1558 de
1213 1528 1326 1558 mus.
1365 1528 1460 1570 cap.
1499 1514 1551 1557 31
1593 1514 1653 1569 (p.
1683 1513 1754 1567 38,
1787 1514 1836 1557 11
1870 1513 1939 1559 ed.
1968 1514 2022 1559 R.

459 1585 724 1637 Volkmann,
762 1585 882 1640 Lips.
926 1585 1053 1640 1856)
1091 1587 1134 1628 et
1171 1585 1335 1627 Athen.
1373 1583 1470 1626 XIV
1499 1583 1579 1626 631
1614 1596 1651 1627 e.
1717 1582 1847 1627 Illum
1874 1583 2024 1628 locum

458 1654 718 1698 Aristoxeni
752 1667 853 1697 esse
884 1668 1017 1697 nemo
1049 1653 1284 1709 negabit⁸),
1320 1654 1441 1696 hunc
1478 1653 1536 1696 ad
1567 1666 1668 1696 eum
1699 1652 1847 1696 redire
1875 1654 2022 1697 osten-

459 1723 524 1766 dit
545 1723 594 1766 E.
614 1723 789 1775 Rohde,
829 1723 884 1766 de
914 1723 1012 1766 Iulii
1042 1722 1239 1766 Pollucis
1270 1723 1318 1765 in
1349 1734 1502 1777 appar.
1535 1734 1684 1765 scaen.
1709 1734 1855 1765 enarr.
1885 1721 2023 1766 fonti·

454 1793 539 1835 bus
578 1793 712 1848 (Lips.
756 1793 882 1847 1870)
926 1806 968 1847 p.
1008 1793 1085 1844 44,
1132 1792 1202 1835 cui
1241 1791 1540 1846 adstipulatus
1587 1793 1658 1833 est
1690 1790 1737 1834 C.
1769 1786 1927 1847 Bapp,
1965 1790 2021 1834 de

458 1862 678 1914 fontibus,
718 1862 879 1917 quibus
915 1862 1175 1905 Athenaeus
1218 1895 1227 1903 .
1261 1895 1269 1903 .
1303 1894 1312 1903 .
1350 1874 1460 1904 usus
1500 1859 1579 1911 sit,
1627 1859 1673 1902 in
1708 1859 1856 1915 Leipz.
1894 1859 2022 1904 Stud.

456 1931 547 1974 VIII
577 1945 618 1986 p.
654 1932 748 1974 104.
815 1931 966 1987 Neque
1010 1931 1163 1989 μικτῶν
1209 1934 1252 1974 et
1289 1930 1436 1973 κοινῶν
1473 1929 1668 1985 specieS,
1708 1942 1821 1985 quae
1855 1929 1904 1972 in
1931 1929 2023 1973 He·

460 2001 755 2056 phaestionea
784 2002 879 2057 περὶ
908 1999 1140 2058 ποιήματος
1177 2000 1385 2043 doctrina
1419 2002 1490 2043 ter
1528 2001 1789 2051 occurrunt,
1826 1998 1884 2042 ab
1921 1998 2022 2043 Ari-

459 2073 648 2113 stoxeno
688 2070 860 2113 alienas
899 2070 1038 2114 fuisse
1078 2069 1386 2113 demonstravi
1423 2083 1465 2124 p.
1498 2069 1566 2111 81.
1633 2068 1836 2124 Denique
1865 2068 2023 2124 epodi-

459 2153 614 2182 corum
665 2141 838 2195 species
887 2139 1281 2195 Hephaestioneae
1339 2139 1386 2182 in
1435 2138 1700 2181 memoriam
1749 2137 2023 2182 reducuntur

456 2209 755 2252 Aristoxenea
785 2210 1061 2253 tetrachordi
1093 2209 1328 2252 divisione.
1378 2208 1578 2264 Namque
1597 2208 1896 2252 Aristoxenus
1919 2221 2022 2252 cum

457 2279 795 2322 tetrachordum
840 2279 998 2322 dividit
1042 2279 1088 2322 in
1136 2292 1275 2322 sonos
1315 2277 1584 2335 περιέχοντας
1622 2280 1667 2320 et
1701 2275 2022 2335 περιεχομέναις

456 2347 515 2401 (p.
560 2348 629 2398 48,
668 2348 736 2390 27.
782 2349 851 2400 50,
898 2349 945 2391 11
987 2362 1084 2404 sqq.
1125 2349 1193 2400 70,
1238 2349 1293 2391 26
1339 2361 1436 2403 sqq.
1480 2346 1549 2390 ed.
1586 2346 1865 2402 Marquard),
1910 2360 2020 2403 quo-

457 2430 554 2459 rum
604 2417 650 2459 hi
702 2421 806 2461 sunt
854 2416 1106 2474 κινούμενοι,
1162 2417 1226 2460 illi
1277 2415 1483 2473 ἀκίνητοι,
1543 2417 1766 2460 rationem
1821 2416 2022 2472 sequitur

457 2487 729 2529 contrariam
770 2487 830 2539 ei,
877 2501 963 2542 qua
1009 2486 1359 2542 Hephaestionis
1404 2482 1633 2542 περιῳδικοὶ
1677 2489 1721 2529 et
1764 2483 2021 2542 παλινῳδικοὶ

574 2663 599 2709 ¹)
625 2666 670 2700 cf.
701 2664 942 2701 Ps.-Censor.
975 2677 1009 2710 p.
1040 2665 1127 2706 607.
1160 2665 1327 2706 1-608,
1352 2665 1393 2705 8.
1434 2675 1531 2710 quae
1572 2664 1758 2700 enarratio
1799 2663 1909 2701 foede
1940 2675 2018 2700 cor-

457 2727 563 2768 rupta
593 2726 659 2757 est.

570 2792 599 2836 2)
624 2792 716 2827 Nam
742 2792 862 2827 verbis
889 2791 972 2827 ἄνευ
997 2794 1126 2836 μέτρου
1151 2791 1343 2836 ὡρισμένου
1361 2795 1530 2828 nontam
1548 2791 1749 2828 carminum
1765 2791 2019 2830 absolutorum

455 2850 674 2895 compositio
713 2850 932 2885 describitur
967 2861 1079 2895 quam
1116 2861 1161 2885 ea
1197 2861 1294 2895 quae
1331 2854 1390 2885 est
1424 2850 1520 2884 κατὰ
1551 2852 1668 2894 σχέσιν
1703 2850 1935 2895 repudiatum
1971 2851 2017 2888 cf.

455 2920 488 2953 p.
513 2908 592 2943 XIV
620 2909 650 2942 1.

570 2977 598 3022 ⁸)
624 2979 668 3012 cf.
694 2978 955 3014 Ps.-Plutarch.
982 2980 1028 3014 de
1054 2990 1146 3015 mus.
1172 2980 1228 3015 ed.
1256 2979 1298 3014 R.
1324 2978 1527 3024 Westphal.
1553 2977 1668 3014 Bresl.
1697 2978 1796 3020 1865.
1821 2982 2016 3016 comment.

455 3048 489 3081 p.
511 3037 555 3071 14
578 3047 659 3081 sqq.
