2196 3438
955 321 1036 365 107

202 461 561 513 m
571 459 845 504 occurrunt
879 458 1048 515 ἐπῳδοῖ,
1079 456 1265 516 ἐφόμνια,
1301 457 1651 517 ἐιηφθεγμαπκά,
1688 461 1769 504 sed

199 527 485 587 matio
515 525 622 585 μετά
650 529 699 573 ιιι
735 528 993 572 huiusmodi
1024 529 1228 572 formulis
1267 542 1487 585 nusquam
1518 530 1768 585 deprehen·

200 595 343 650 flur.
407 596 538 642 Adde
581 597 703 654 quod
745 599 1067 642 enumerantur
1111 596 1306 655 ἐφόμνια,
1348 595 1573 656 apetium,
1617 612 1768 643 nonne

200 665 354 724 *im
390 666 579 723 requirit
614 663 816 724 μεσόμνια
858 667 916 711 ab
961 667 1296 722 Hephaestione
1340 682 1383 723 p.
1422 668 1540 712 XXV
1573 669 1604 712 4
1646 681 1767 712 com-

199 738 479 789 muta,
523 749 624 781 cum
666 736 934 792 praesertim
979 737 1085 792 quid
1124 738 1302 780 intersit
1347 738 1465 782 inter
1507 736 1683 795 ἐφύμνια
1723 742 1768 783 et

189 801 420 864 punam
448 817 542 849 ιιοιι
576 805 891 861 intellegatur?
949 805 1072 858 Quae
1111 806 1242 850 fuerit
1279 807 1660 863 meshymniorum
1695 808 1769 852 de·

203 872 396 931 -ffl'n
446 887 543 919 non
593 875 683 919 iam
735 875 824 918 dici
874 878 1048 930 potest,
1098 877 1300 931 quamvis
1350 876 1480 920 facile
1531 877 1767 932 scripseris

203 940 370 1000 09594·
395 943 472 999 Β)
501 943 569 997 „si
597 947 748 988 autem
776 947 883 1000 post
910 945 1159 1000 <strophen
1199 948 1243 989 et
1281 946 1414 999 ante>
1452 946 1766 1001 antistrophen

202 1011 525 1058 ssoeemrf‘

204 1092 227 1107 ἰ
284 1081 395 1126 {inea
412 1081 573 1126 ultimo
603 1082 749 1137 capite
777 1082 837 1137 (p.
865 1082 935 1139 60,
958 1083 1128 1138 1—25),
1159 1084 1279 1139 quod
1309 1085 1459 1127 verbis
1490 1085 1605 1135 „hoc
1625 1097 1765 1139 genus

202 1151 277 1197 iffi
292 1150 439 1197 neris
477 1151 715 1196 cantilenis
756 1152 931 1195 ferunt“
979 1152 1267 1196 continuatur
1305 1153 1580 1197 enarrationi
1624 1167 1667 1209 p.
1697 1154 1767 1205 58,

202 1220 373 1275 μη,
388 1220 512 1277 qmd
540 1220 755 1264 adnotem
785 1234 879 1264 non
909 1221 1070 1265 habeo.
1130 1222 1280 1277 ltaque
1318 1223 1376 1266 ad
1412 1223 1605 1278 primum
1635 1226 1767 1278 caput

201 1289 369 1348 μω,
398 1289 581 1345 15-58,
609 1290 656 1345 4)
684 1303 757 1333 me
794 1293 1031 1343 converto,
1071 1292 1141 1333 cui
1179 1291 1236 1334 ab
1273 1291 1534 1346 Aphthonio
1572 1292 1640 1334 vel
1676 1291 1767 1334 for-

201 1357 631 1413 ¹tuevietorinffl)
669 1372 828 1414 parum
865 1362 970 1414 apte
1006 1359 1242 1415 inscriptio
1278 1360 1362 1412 „de
1397 1360 1600 1415 poetice“
1637 1374 1767 1415 prae-

203 1424 396 1473 hneet.
445 1426 571 1480 Quae
599 1428 767 1472 locutio
796 1441 886 1484 quo
914 1429 1139 1483 pertineat
1169 1429 1297 1472 facile
1325 1442 1571 1484 cognosces
1602 1430 1765 1473 collato

205 1496 424 1547 mede
468 1497 515 1540 in
559 1497 632 1541 GL
666 1498 685 1541 Ι
720 1511 764 1553 p.
792 1498 898 1549 473,
931 1498 1125 1541 15—20.
1192 1500 1336 1554 Atque
1374 1499 1421 1541 in
1458 1498 1604 1554 prima
1636 1512 1766 1554 para-

201 1565 384 1623 mho
426 1566 752 1621 (56,16—21)
797 1579 1035 1622 perperam
1079 1581 1106 1610 a
1145 1568 1445 1611 Wilmannsio
1482 1567 1629 1611 deleta
1666 1581 1766 1611 esse

203 1634 345 1679 mh·
372 1635 471 1688 „vel
501 1635 773 1691 rhapsodia“
804 1636 1076 1691 intellegitur
1113 1649 1168 1680 ex
1206 1636 1317 1679 locis
1357 1638 1445 1680 iam
1476 1651 1610 1692 supra
1638 1651 1681 1691 p.
1711 1638 1768 1679 94

202 1702 356 1749 dhus
382 1704 505 1748 velut
534 1704 675 1748 schol.
706 1705 837 1748 Dion.
868 1705 979 1748 Thr.
1010 1705 1078 1748 ed.
1110 1705 1282 1748 Bekker
1310 1720 1353 1760 p.
1383 1706 1479 1758 768,
1499 1706 1576 1748 23:
1605 1705 1767 1761 ποίησις

198 1771 294 1830 πὲρ
316 1770 352 1831 ἠ
377 1771 497 1816 πᾶσα
519 1770 663 1828 Ἰλιάς,
699 1772 863 1830 ποίημα
891 1774 940 1816 δὲ
975 1771 1135 1830 ἑκάστη
1174 1773 1380 1830 ῥαψῳδία.
1439 1775 1489 1818 Ιιι
1524 1774 1668 1829 capite
1698 1775 1765 1818 in-

200 1842 426 1899 unquenti,
456 1842 504 1885 in
533 1855 622 1898 quo
652 1843 767 1886 duae
798 1843 1048 1887 carminum
1079 1844 1325 1887 divisiones
1352 1844 1616 1887 coniunctae
1647 1847 1764 1895 sunt,

200 1914 258 1967 j.
269 1909 402 1964 57,1
439 1911 730 1967 Aphthonius
776 1912 875 1955 sine
918 1912 1055 1956 dubio
1104 1913 1334 1968 scripsit,
1338 1916 1427 1965 ,aut
1463 1913 1764 1956 tetrametris“

203 1981 255 2024 ά
278 1978 350 2033 57,
378 1981 408 2024 2
437 1994 520 2034 „ex
548 1981 752 2036 pluribus
791 1981 975 2025 metris“
987 1997 998 2024 ε
1043 1982 1130 2024 hoc
1169 1982 1363 2024 restituit
1397 1981 1626 2036 Bergkius,
1657 1981 1765 2024 illud

203 2047 431 2105 minus)
487 2048 612 2102 Quae
639 2063 683 2105 p.
713 2050 783 2102 57,
814 2051 841 2093 5
873 2053 1119 2105 sequuntur
1148 2054 1193 2093 et
1223 2051 1438 2094 Victorini
1478 2053 1523 2093 et
1559 2050 1765 2093 librario·

206 2128 308 2163 rum
331 2117 457 2162 vitiis
485 2118 600 2162 adeo
630 2119 874 2174 depravata
913 2122 1038 2171 sunt,
1077 2123 1126 2162 ut
1162 2119 1268 2175 quid
1303 2119 1592 2174 Aphthonius
1625 2120 1694 2162 vel
1726 2119 1764 2162 is

205 2199 299 2245 φο·
328 2199 440 2232 usus
476 2190 548 2232 est
592 2188 826 2243 scripserit
869 2201 970 2231 cum
1006 2188 1335 2243 probabilitatis
1372 2189 1521 2243 specie
1551 2191 1764 2243 quantum

204 2256 337 2301 video
365 2257 591 2301 enucleari
620 2261 824 2313 nequeat.
886 2258 982 2301 Hoc
1012 2260 1186 2301 tantum
1218 2258 1270 2308 is,
1310 2257 1384 2312 qui
1415 2256 1764 2312 Hephaestionis

205 2326 346 2371 verb·
373 2324 462 2370 iam
493 2339 522 2370 a
550 2326 693 2370 Keilio
724 2326 860 2370 allata
893 2326 1203 2381 perpenderit,
1242 2326 1458 2369 concedet
1496 2326 1643 2369 verbis
1681 2339 1764 2377 „ex

205 2394 412 2440 trimetro
441 2397 488 2439 et
514 2398 806 2439 tetrametro‘⁴
838 2398 898 2451 (p.
920 2396 988 2446 57,
1010 2397 1055 2448 5)
1086 2395 1297 2451 reliquias
1328 2395 1439 2439 effici
1464 2394 1762 2438 enarrationis

205 2463 439 2510 minacium
458 2465 706 2508 carminum
728 2468 882 2522 μικτῶν
911 2462 1022 2507 κατὰ
1042 2464 1196 2520 στίχον.
1237 2466 1404 2508 Caesar
1422 2465 1591 2515 verba,
1595 2476 1763 2519 ,quam—

205 2545 424 2591 quam—
454 2532 590 2577 flunt“
635 2534 696 2589 (p.
734 2534 804 2585 57,
842 2535 930 2577 5-
942 2535 987 2587 9)
1018 2537 1121 2588 post
1150 2547 1192 2588 p.
1224 2534 1293 2584 57,
1327 2535 1379 2576 15
1424 2533 1509 2585 „ad
1546 2533 1763 2576 iambicos

206 2601 349 2646 retlit‘⁴
379 2602 674 2658 transposuit,
713 2602 792 2645 sed
828 2603 965 2646 verba
1003 2602 1077 2645 illa
1107 2615 1195 2657 quo
1227 2602 1550 2646 sententiarum
1587 2603 1763 2646 vinculo

205 2682 308 2715 mm
337 2671 585 2715 carminum
617 2670 903 2729 uetassohw‘iv
933 2671 1249 2726 descriptione
1266 2674 1558 2715 conectuntur
1579 2684 1649 2715 me
1672 2684 1762 2715 non

206 2738 467 2797 intellegere
496 2740 687 2795 ingenue
717 2740 873 2784 fateor.
934 2740 1217 2795 Quapropter
1246 2741 1364 2783 hunc
1394 2741 1485 2783 fere
1514 2740 1560 2783 in
1580 2740 1763 2784 modum

325 2854 351 2902 ¹)
375 2855 421 2891 ct.
446 2855 597 2892 Schultz
622 2856 647 2891 l.
672 2868 701 2890 c.
728 2867 761 2901 p.
790 2856 841 2891 13.
866 2855 923 2891 52

321 2912 352 2958 ³)
374 2913 604 2950 Vocabulum
641 2913 918 2954 „continentur”
952 2925 986 2959 p.
1015 2913 1072 2953 57.
1102 2913 1126 2948 3
1157 2923 1230 2948 non
1268 2913 1379 2949 modo
1415 2913 1621 2950 offensione
1651 2918 1762 2955 caret,

205 2971 272 3008 ned
297 2971 399 3018 quod
422 2970 552 3007 maluit
575 2970 715 3007 Keilius
739 2970 1045 3012 ..continuantur-⁴·
1070 2973 1106 3005 et
1122 2980 1144 3005 e
1161 2970 1425 3006 sententiarum
1443 2980 1584 3006 conexu
1602 2970 1762 3007 alienum

206 3032 265 3066 eet
286 3032 323 3066 et
349 3029 562 3075 repudiatur
584 3028 857 3075 praepositione
883 3034 984 3070 „ex··.
