2196 3438
183 449 751 514 muntfiAnsuQ.
779 455 920 510 p.36,
953 456 1006 499 15
1036 469 1149 511 sqq„
1178 456 1343 500 Victor.
1379 471 1425 513 p.
1459 458 1737 514 63,16sqq.,

179 518 381 579 m*
355 513 470 579 tqq„
493 524 664 575 102,12
683 537 781 580 sqq.
827 524 942 568 Tres
960 524 1094 579 igitur
1113 525 1177 568 illi
1198 526 1320 569 modi
1339 540 1395 570 ex
1413 527 1739 570 Alexandrino-

183 593 405 651 fflnte
420 593 714 646 grammatica
733 593 781 636 in
794 596 1030 648 utramque
1045 593 1294 637 doctrinam
1310 595 1542 639 metricam
1556 595 1739 640 fluxisse

183 657 408 721 fisi-tur.
477 661 625 716 Atque
667 674 749 717 per
789 675 840 706 se
883 666 1238 706 consentaneum
1281 667 1351 707 est
1392 665 1738 716 Alexandrinos,

183 727 269 786 α
292 731 469 775 mmm
506 729 676 774 laboris
714 730 762 773 in
796 734 1032 786 poetarum
1070 732 1250 787 scriptis
1286 733 1563 788 explicandis
1598 737 1739 778 recte-

184 797 366 858 warin
396 798 498 842 cola
530 798 787 854 digerendis
821 803 1091 855 posuerunt,
1129 801 1244 844 sicut
1277 803 1595 856 grammaticae
1631 803 1739 846 item

182 866 400 921 me
434 867 569 919 artiS,
613 881 728 923 quae
773 881 874 912 cum
918 869 996 912 illa
1037 870 1264 914 artissime
1317 871 1547 924 cohaeret,
1593 875 1738 916 certas

186 934 407 992 madum
434 947 620 980 normas
642 937 906 992 regulasque
934 938 1239 992 proposuisse.
1299 939 1355 982 Et
1384 953 1654 996 quamquam
1682 954 1740 984 ne

185 1003 479 1060 mantica
497 1005 679 1060 quidem
696 1005 1103 1049 Alexandrinorum
1123 1020 1198 1050 ars
1218 1008 1276 1050 ab
1299 1009 1422 1051 omni
1450 1012 1577 1063 parte
1607 1010 1739 1052 nobis

186 1074 311 1121 m
317 1076 429 1126 ont,
466 1074 685 1118 nonnulla
719 1078 872 1119 tamen
909 1075 1005 1119 eius
1035 1077 1252 1120 vocabula
1281 1077 1517 1120 sollemnia
1546 1081 1591 1121 et
1620 1082 1741 1121 certa

185 1140 487 1199 &affluendi
515 1157 682 1198 genera
712 1143 758 1187 in
787 1145 1090 1199 posteriorum
1119 1146 1292 1189 artibus
1314 1147 1514 1190 metricis
1539 1147 1738 1190 redeunt„

182 1208 290 1261 ω·
300 1210 484 1266 Μυκη
509 1215 603 1256 tres
631 1213 695 1256 illi
724 1213 846 1257 modi
875 1213 932 1256 de
951 1214 1112 1269 quibus
1133 1214 1240 1266 dixi,
1271 1216 1359 1258 huc
1379 1216 1565 1259 nomina
1582 1213 1741 1271 πρωτό-

183 1293 305 1335 qun
319 1283 378 1337 ‚ot
408 1280 648 1338 παραγωγαὶ
660 1283 708 1337 ¹),
751 1295 864 1338 quas
905 1296 1039 1326 voces
1082 1283 1131 1326 in
1175 1284 1274 1338 ipsa
1310 1287 1407 1327 arte
1451 1285 1740 1340 grammatica

184 1350 333 1402 hh·
342 1356 451 1396 obse
474 1351 580 1395 inde
609 1351 810 1405 efficitur,
840 1352 962 1408 quod
989 1353 1037 1395 in
1059 1353 1144 1395 hac
1165 1353 1264 1395 sola
1281 1353 1363 1396 τῶν
1379 1350 1518 1396 τύταιιν
1536 1353 1741 1396 doctrina

185 1417 426 1475 mitur.
490 1420 732 1464 Doctrinae
777 1421 1081 1464 Varronianae
1122 1420 1374 1477 πρωτότιηια
1418 1425 1463 1465 et
1504 1419 1742 1478 παραγωγά

187 1487 430 1538 nah-ima
472 1493 598 1542 sunt,
641 1490 724 1533 sed
765 1488 1015 1545 τφωυότιηια
1051 1490 1211 1535 saltem
1248 1491 1307 1533 ad
1340 1491 1527 1534 alteram
1564 1502 1741 1546 quoque

186 1556 443 1604 botrium
469 1559 711 1614 pertinent,
750 1560 869 1614 quod
898 1560 1066 1603 nollem
1095 1563 1306 1614 negasset
1334 1560 1587 1604 Schultzius
1616 1573 1658 1614 p.
1684 1560 1739 1602 27

185 1626 294 1675 αἰπ-
333 1627 609 1683 Perpendas
639 1628 761 1672 enim
788 1628 1002 1672 Aristidis
1030 1629 1167 1672 verba
1196 1629 1307 1671 haec
1345 1630 1405 1684 (p.
1444 1630 1514 1681 32,
1555 1629 1625 1683 16)
1660 1642 1742 1671 των

185 1693 729 1754 stuwi-:pumicum
772 1696 847 1754 μέν
890 1697 977 1740 ἐστι
1019 1695 1350 1740 καὶᾶπλᾶτόν
1388 1695 1567 1754 ἀριθμὸν
1610 1696 1739 1740 ἐννέα.

184 1764 333 1824 w
359 1766 564 1822 quamvis
593 1767 869 1822 Hephaestio
906 1767 978 1810 his
1014 1766 1164 1810 verbis
1207 1766 1489 1818 abstinuerit,
1533 1780 1627 1810 non
1672 1770 1740 1809 est

185 1845 297 1881 “¹
295 1834 415 1880 huic
455 1848 633 1891 quoque
677 1835 910 1879 doctrinae
960 1848 1014 1878 ea
1057 1838 1163 1890 apta
1206 1849 1308 1878 esse
1353 1848 1588 1890 negemus,
1638 1848 1738 1878 cum

183 1899 436 1960 *dmm
463 1907 510 1948 et
538 1901 774 1961 παραγωγοί
802 1905 920 1948 inter
949 1917 999 1948 se
1030 1907 1317 1959 opponantur
1341 1907 1392 1947 ut
1411 1902 1528 1946 ἁπλᾶ
1555 1908 1600 1947 et
1619 1905 1741 1947 varia

185 1973 277 2018 m
301 1971 514 2017 ωῦέτων
547 1986 713 2028 genera
754 1974 876 2017 velut
918 1973 971 2015 τὰ
1013 1970 1108 2016 κατ’
1148 1971 1418 2016 ἀντιπάθειαν
1454 1970 1581 2030 ptati
1616 1976 1661 2016 et
1688 1971 1742 2015 τὰ

185 2037 515 2099 &nudor-mam
545 2042 601 2085 cf.
631 2042 768 2086 etiam
803 2043 908 2086 Atil.
947 2042 1130 2086 Fortun.
1173 2056 1218 2097 p.
1247 2042 1346 2094 283,
1382 2042 1523 2085 4-6.
1589 2042 1741 2097 ltaque

186 2111 426 2166 ptototypa
443 2123 546 2154 cum
565 2110 614 2154 in
633 2114 822 2167 utraque
841 2111 1047 2155 doctrina
1067 2111 1434 2166 deprehenderet,
1453 2110 1741 2166 Aphthonius

187 2178 361 2224 dndns
398 2178 488 2223 iuis
525 2179 777 2235 disciplinis
829 2180 1030 2224 confusis
1074 2180 1245 2223 insulse
1295 2180 1559 2234 dactylicum
1604 2180 1742 2222 hexa-

186 2250 379 2292 metrum
436 2251 483 2292 et
537 2249 778 2292 iambicum
835 2249 1063 2292 senarium
1114 2251 1453 2303 prototyporum
1506 2250 1742 2302 prototypa

186 2317 364 2361 meavit
390 2318 451 2373 (p.
493 2318 594 2370 104,
633 2318 721 2372 26).
779 2317 932 2372 Neque
969 2330 1077 2360 casu
1115 2317 1282 2360 factum
1312 2329 1414 2359 esse
1452 2316 1649 2367 videtur,
1691 2321 1741 2359 ut

188 2387 376 2431 nomina
411 2384 654 2443 ἀμετάβολα
697 2389 744 2429 et
785 2382 1043 2443 μεταβολικά
1086 2384 1389 2440 grammaticis
1427 2384 1538 2427 satis
1574 2384 1741 2428 usitata

186 2455 308 2512 apud
333 2455 396 2500 Μ.
423 2454 535 2500 vict.
563 2469 608 2510 p.
627 2455 699 2507 57,
721 2456 749 2498 9
779 2468 879 2511 sqq.
908 2454 956 2498 in
984 2457 1242 2509 poematum
1272 2453 1510 2508 generibus
1541 2452 1741 2504 redeant,

186 2525 391 2582 quamvis
434 2525 567 2579 longe
610 2523 699 2568 alia
742 2524 867 2568 notio
904 2524 993 2567 illis
1032 2523 1233 2567 subiecta
1271 2522 1404 2566 fuerit
1439 2521 1559 2577 apud
1594 2534 1742 2576 gram·

186 2594 390 2647 atticos,
418 2594 508 2639 alia
535 2593 656 2649 apud
685 2593 910 2637 metricos.
977 2592 1094 2644 Quid
1133 2591 1312 2635 intersit
1348 2591 1466 2634 inter
1499 2590 1659 2646 poesin
1697 2593 1742 2633 et

188 2675 351 2719 poema
387 2663 625 2719 explicavit
660 2663 799 2706 Varro
842 2662 917 2716 (cs.
954 2661 1208 2704 Wilmanns
1247 2661 1274 2703 Ι.
1305 2673 1343 2703 c.
1379 2674 1423 2715 p.
1453 2660 1577 2715 201),
1622 2659 1742 2715 quod

189 2733 299 2790 «min
338 2733 503 2778 factum
548 2733 607 2776 sit
650 2731 909 2775 auctoribus
953 2730 1256 2785 grammaticis
1293 2728 1612 2773 Alexandrinis
1649 2741 1742 2771 non

306 2895 335 2941 ¹)
357 2896 404 2933 cf.
430 2896 535 2932 Dion.
560 2895 648 2931 Thr.
673 2894 730 2930 ed.
756 2893 865 2938 Uhlig
892 2904 927 2939 p.
952 2892 1009 2933 ¹5.
1033 2892 1137 2934 3-5.
1160 2892 1217 2931 50.
1246 2891 1343 2931 1-2,
1374 2891 1430 2932 65,
1458 2890 1474 2925 1
1501 2900 1596 2935 sqq..
1625 2889 1741 2925 schol.

189 2954 228 2991 in
250 2953 364 2991 Bou.
388 2954 518 2990 anecd.
542 2953 668 2989 Graec.
695 2952 725 2987 11
751 2963 785 2997 p.
810 2950 891 2992 849.
914 2951 961 2987 25
983 2961 1066 2996 sqq.
1090 2950 1172 2991 863.
1195 2950 1219 2984 3
1242 2959 1324 2995 sqq.
1348 2948 1417 2983 908
1440 2957 1524 2994 sqq.

304 3010 334 3058 ⁸)
357 3012 404 3047 er.
429 3011 542 3047 etiam
566 3010 660 3047 Plot.
678 3009 824 3045 sacerd.
849 3008 929 3049 5⁴3,
949 3008 992 3043 12
1008 3018 1091 3054 sqq.
1115 3010 1152 3042 et
1169 3006 1243 3043 lub.
1261 3007 1358 3053 apud
1372 3005 1463 3041 Vict.
1479 3016 1515 3051 p.
1530 3006 1588 3045 53.
1604 3004 1647 3040 12
1660 3016 1741 3051 sqq.
