2196 3438
1127 293 1289 356 -ει

588 433 632 475 in
664 445 823 475 comm.
856 433 870 475 l
1108 432 1154 475 in
1186 444 1345 475 comm.
1377 431 1410 474 ΙΙ
1684 431 1730 475 in
1761 431 1901 475 schol.

482 514 523 556 p.
561 494 614 543 lV
647 502 811 544 14--16
842 502 972 544 haec:
1030 515 1071 556 p.
1103 500 1182 544 XII
1211 501 1324 544 5-6
1355 501 1482 544 haecz
1563 514 1605 555 p.
1635 500 1714 544 ΧΠ
1747 498 1952 545 11-xl11
1978 500 2025 544 8:

529 586 715 644 Μετρικά
728 587 775 630 δὲ
796 585 971 642 ἄτακτα,
1059 585 1247 644 Μετρικὰ
1266 586 1314 630 δὲ
1341 585 1504 630 ἄτακτοί
1597 585 1692 630 οὔτε
1729 586 1777 630 δέ
1814 581 2039 644 ὁμοιότητα

484 655 564 699 ὅσα
608 656 658 699 ἐκ
702 655 859 713 μέτρων
898 656 971 712 μὲν
1019 655 1137 711 ἐστιν,
1155 653 1261 712 ἅπερ
1277 654 1412 713 μέτρῳ
1429 657 1503 714 μὲν
1551 654 1641 712 ἔχει
1698 654 1800 712 πρὸς
1857 651 2038 712 ἄλληλα,

484 724 824 782 ὁμολογουμένων
878 738 970 769 συν-
1011 722 1243 782 γέγραπταί
1277 739 1369 781 τινι,
1409 724 1503 768 οὔτε
1550 721 1657 767 ὥστε
1700 721 1879 782 στιχήρη
1926 721 2041 781 γενέν

483 794 648 850 έστηκε,
687 791 797 845 τάξιν
825 793 872 836 δὲ
898 794 971 836 καὶ
1013 794 1072 836 δὲ’
1124 791 1348 851 ὁμοιότητα
1413 796 1503 853 ἔχει
1550 793 1666 848 σθαι,
1687 790 1782 836 οὔτε
1803 789 2040 850 ἀνακύκλη-

482 859 762 919 ἀνακύκλησιν
774 860 853 905 οὐκ
869 862 970 920 ἔχει,
1012 860 1116 919 πρὸς
1183 861 1349 919 ἄλληλα
1408 863 1502 908 οὔτε
1550 876 1624 915 σιν,
1649 860 1755 905 ὥστε
1769 859 1881 905 κατὰ
1899 859 2042 919 σχίσιν

484 931 578 975 οὔτε
593 930 703 974 κατὰ
718 931 859 989 στίχον
874 930 971 975 οὐδὲ
1012 929 1306 988 ἀνακύκλησιν.
1548 924 2041 988 γενέσθαι,ἀλλάἀδια’-

482 999 781 1058 συστηματικά.
1548 1013 1707 1056 φορον
1726 998 1817 1057 τήν
1834 1002 1933 1043 τῶν
1953 997 2041 1058 μέ·-

1547 1082 1681 1126 τρων
1729 1065 2040 1127 ἐξαλλαγήν.

1548 1163 1604 1170 -
1633 1136 1729 1181 οὔτε
1759 1137 1807 1181 δὲ
1837 1134 1908 1194 [τὰ
1937 1134 2040 1182 ἀπο·

1547 1206 1770 1264 λελυμένα]
1779 1206 1812 1262 ¹)
1904 1205 2041 1264 φησίν,

1549 1274 1832 1333 ἀνακύκλησιν
1937 1276 2042 1334 ἔχει,

1548 1342 1637 1387 ἀλλ’
1689 1343 1871 1390 αὐτόθεν
1933 1345 2041 1390 ἐστὶν

1547 1408 1964 1472 ὁμολογούμενα.

596 1494 689 1537 lam
714 1493 881 1537 Caesar
907 1494 1009 1547 (ern.
1032 1493 1174 1548 Heph.
1198 1494 1233 1536 11
1257 1507 1299 1549 p.
1337 1494 1486 1550 XVIII)
1522 1495 1755 1550 professus
1795 1497 1866 1540 est
1903 1508 2037 1540 voces

486 1561 573 1604 ἀλλ’
607 1561 786 1605 αὐτόθεν
825 1562 933 1605 ἐστὶν
961 1560 1275 1619 ὁμολογούμενα
1305 1576 1359 1605 ex
1390 1563 1469 1615 eis,
1507 1577 1621 1619 quae
1660 1564 1706 1608 in
1735 1564 1887 1620 priore
1917 1577 2040 1609 com-

485 1632 705 1675 mentario
727 1632 945 1686 leguntur,
975 1631 1222 1675 faciliorem
1242 1631 1410 1675 habere
1441 1633 1785 1688 explicationem
1821 1646 1955 1690 quam
1985 1647 2041 1679 ex

488 1701 568 1752 eiS,
609 1701 770 1756 quibus
800 1700 1053 1755 adscriptae
1090 1703 1208 1753 sunt,
1249 1701 1330 1743 sed
1351 1701 1471 1756 quod
1499 1701 1683 1755 addidit,
1714 1703 1909 1747 fortasse
1937 1703 2043 1748 inde

486 1770 691 1813 conicere
706 1769 841 1812 licere
855 1770 901 1812 in
917 1770 988 1813 his
1003 1769 1113 1824 ipsis
1129 1782 1286 1813 vocem
1301 1764 1619 1827 ὁμολογουμένῳ
1636 1771 1923 1816 inserendam
1939 1785 2041 1817 esse

484 1839 632 1882 verbis
664 1836 770 1894 ἅπερ
801 1837 936 1895 μέτρῳ
970 1839 1045 1895 μὲν
1072 1837 1307 1895 γέγραπταί
1335 1853 1421 1893 τινι,
1452 1853 1611 1894 parum
1641 1843 1761 1884 recte
1783 1841 2039 1897 disputavit.

484 1908 636 1963 Neque
681 1907 799 1950 enim
844 1905 1019 1964 μετρικοὶ
1064 1906 1230 1950 ἄτακτα
1279 1911 1385 1951 sunt
1429 1922 1494 1960 ea,
1540 1922 1654 1964 quae
1699 1911 1844 1953 metro
1887 1909 2039 1967 aliquo

485 1977 663 2031 cognito
709 1975 891 2019 condita
936 1979 1040 2019 sunt
1087 1974 1212 2032 (ἅπερ
1259 1976 1395 2034 μέτρῳ
1439 1975 1672 2034 γέγραπταί
1709 1991 1783 2022 τινι
1811 1976 2040 2037 ὁμολογου-

486 2045 625 2102 μένῳ),
664 2046 743 2088 sed
781 2046 827 2089 in
866 2045 1026 2101 quibus
1065 2046 1218 2089 usitati
1257 2049 1302 2089 et
1347 2046 1533 2101 legitimi
1564 2060 1719 2090 versus
1756 2046 1905 2105 (μέτρα
1942 2046 2042 2107 ὁμο-

485 2114 736 2171 λογούμενα)
767 2115 829 2158 ita
859 2118 1202 2170 componuntur,
1233 2119 1282 2158 ut
1303 2128 1448 2171 neque
1470 2116 1682 2159 continuo
1715 2116 1879 2162 similia
1898 2121 2043 2163 metra

488 2198 587 2227 sese
624 2184 850 2239 excipiant
888 2184 1017 2238 (κατὰ
1059 2183 1231 2240 στίχον),
1272 2198 1416 2240 neque
1455 2185 1502 2227 in
1541 2188 1786 2229 metrorum
1824 2186 2042 2233 mixtione

488 2252 627 2310 σχέσις
665 2254 883 2308 quaedam
922 2254 1163 2308 perluceat,
1201 2254 1282 2297 sed
1317 2252 1373 2305 ώς
1410 2251 1508 2297 ὅταν
1545 2253 1716 2311 ἐλεγείῳ
1740 2255 1950 2313 προστιθῇ
1983 2269 2043 2308 ’τις

488 2322 672 2380 ἰαμβεῖον
700 2322 730 2379 ἠ·
752 2322 855 2365 ἄλλο
876 2337 913 2365 τι
942 2323 1034 2377 (Ar.
1067 2323 1217 2375 Quint.
1247 2337 1290 2378 p.
1322 2324 1390 2376 37,
1422 2324 1563 2376 8-9,
1601 2324 1656 2367 de
1687 2337 1775 2380 quo
1795 2324 1895 2368 loco
1925 2324 2044 2369 infra

489 2391 745 2446 disseram);
786 2392 839 2435 cf.
882 2391 1017 2435 etiam
1046 2392 1095 2435 G.
1126 2393 1356 2436 Hermann
1395 2394 1441 2436 in
1473 2394 1526 2437 el.
1559 2393 1601 2436 d.
1632 2406 1691 2437 m.
1721 2407 1764 2449 p.
1795 2393 1864 2437 27.
1923 2393 2040 2449 Ergo

487 2461 617 2503 unice
654 2474 759 2503 vera
797 2464 866 2504 est
903 2475 968 2513 ea,
1007 2475 1119 2517 quae
1151 2461 1196 2504 in
1231 2462 1381 2517 priore
1411 2462 1736 2506 commentario
1774 2461 1935 2517 legitur
1964 2461 2042 2506 de-

490 2529 695 2584 scriptio:
741 2528 914 2586 μετρικά
954 2529 1117 2572 ἄτακτοί
1153 2530 1272 2585 ἐστιν,
1311 2529 1391 2573 ὅσα
1429 2531 1479 2573 ἐκ
1516 2530 1674 2588 μέτρων
1703 2528 2044 2588 ὁμολογουμένων

489 2597 728 2654 συνέστηκε,
766 2612 867 2642 cum
903 2600 1057 2651 altera,
1095 2599 1142 2642 in
1182 2613 1269 2654 qua
1306 2599 1455 2643 verbis
1500 2598 1608 2656 ἅπερ
1647 2598 1783 2657 μέτρῳ
1810 2598 2044 2656 γέγραπταί

490 2681 561 2709 τινι
592 2668 699 2710 illud
729 2668 784 2710 de
806 2681 893 2723 quo
930 2669 1075 2722 agitur
1114 2669 1363 2712 carminum
1401 2683 1542 2724 genus
1574 2669 1818 2724 opponitur
1847 2668 2042 2712 orationi

493 2737 683 2788 solutae,
736 2737 884 2791 potius
938 2738 996 2780 ad
1041 2737 1332 2795 ἀπολελυμένα
1378 2752 1512 2794 quam
1554 2738 1612 2782 ad
1655 2736 1830 2795 μετρικά
1875 2735 2042 2781 ἄτακτα

610 2874 633 2918 ¹)
663 2874 707 2908 τὰ
737 2870 984 2919 ἀπολελυμένα
1022 2875 1092 2910 del.
1125 2876 1278 2918 Caesam
1309 2876 1449 2911 inserta
1479 2886 1562 2911 esse
1587 2876 1758 2911 videntur
1788 2875 1888 2911 facili
1913 2886 2039 2912 errore

493 2935 641 2976 propter
686 2932 857 2977 ,proxime
911 2934 1190 2969 antecedentem
1237 2936 1306 2969 τῶν
1344 2932 1616 2979 ammonam
1655 2933 1955 2980 descriptionem:
1995 2935 2040 2970 τά

493 2988 633 3024 ἄτακτα
658 2990 883 3035 scripserunt
908 2991 1019 3026 Pauw
1044 2995 1081 3026 et
1103 2993 1308 3037 Westphal.
