<?xml version="1.0" encoding="UTF-8"?>
<!DOCTYPE html PUBLIC "-//W3C//DTD XHTML 1.0 Transitional//EN"
    "http://www.w3.org/TR/xhtml1/DTD/xhtml1-transitional.dtd">
<html xmlns="http://www.w3.org/1999/xhtml" xml:lang="en" lang="en">
 <head>
  <title>
</title>
<meta http-equiv="Content-Type" content="text/html;charset=utf-8" />
  <meta name='ocr-system' content='tesseract 3.04.00' />
  <meta name='ocr-capabilities' content='ocr_page ocr_carea ocr_par ocr_line ocrx_word'/>
</head>
<body>
  <div class='ocr_page' id='page_1' title='image "./deveterumperipoi00consuoft_0022.png"; bbox 0 0 2196 3438; ppageno 0'>
   <div class='ocr_carea' id='block_1_1' title="bbox 1235 295 1288 337">
    <p class='ocr_par' dir='ltr' id='par_1_1' title="bbox 1235 295 1288 337">
     <span class='ocr_line' id='line_1_1' title="bbox 1235 295 1288 337; baseline 0 0"><span class='ocrx_word' id='word_1_1' title='bbox 1235 295 1288 337; x_wconf 89' lang='lat'><strong>10</strong></span> 
     </span>
    </p>
   </div>
   <div class='ocr_carea' id='block_1_2' title="bbox 1125 354 1393 358">
    <p class='ocr_par' dir='ltr' id='par_1_2' title="bbox 1125 354 1393 358">
     <span class='ocr_line' id='line_1_2' title="bbox 1125 354 1393 358; baseline 0 0"><span class='ocrx_word' id='word_1_2' title='bbox 1125 354 1393 358; x_wconf 95' lang='lat' dir='ltr'><strong> </strong></span> 
     </span>
    </p>
   </div>
   <div class='ocr_carea' id='block_1_3' title="bbox 483 429 2039 2768">
    <p class='ocr_par' dir='ltr' id='par_1_3' title="bbox 484 429 2039 973">
     <span class='ocr_line' id='line_1_3' title="bbox 487 429 2039 487; baseline 0.006 -15"><span class='ocrx_word' id='word_1_3' title='bbox 487 429 631 486; x_wconf 79' lang='grc' dir='ltr'>ἐπειδὴ</span> <span class='ocrx_word' id='word_1_4' title='bbox 663 455 716 462; x_wconf 88' lang='lat'><strong>—-</strong></span> <span class='ocrx_word' id='word_1_5' title='bbox 747 431 820 472; x_wconf 79' lang='grc' dir='ltr'><strong>καὶ</strong></span> <span class='ocrx_word' id='word_1_6' title='bbox 849 429 984 482; x_wconf 79' lang='grc' dir='ltr'>πάλιν,</span> <span class='ocrx_word' id='word_1_7' title='bbox 1017 431 1071 474; x_wconf 86' lang='lat' dir='ltr'><strong>de</strong></span> <span class='ocrx_word' id='word_1_8' title='bbox 1102 444 1190 487; x_wconf 89' lang='lat' dir='ltr'><strong>quo</strong></span> <span class='ocrx_word' id='word_1_9' title='bbox 1222 432 1321 475; x_wconf 91' lang='lat' dir='ltr'><strong>loco</strong></span> <span class='ocrx_word' id='word_1_10' title='bbox 1354 432 1442 476; x_wconf 83' lang='lat' dir='ltr'><strong>iam</strong></span> <span class='ocrx_word' id='word_1_11' title='bbox 1472 436 1592 477; x_wconf 87' lang='lat' dir='ltr'><strong>recte</strong></span> <span class='ocrx_word' id='word_1_12' title='bbox 1624 434 1834 480; x_wconf 81' lang='lat' dir='ltr'><strong>iudicavit</strong></span> <span class='ocrx_word' id='word_1_13' title='bbox 1870 436 2039 481; x_wconf 71' lang='lat' dir='ltr'><strong>Caesar</strong></span> 
     </span>
     <span class='ocr_line' id='line_1_4' title="bbox 484 500 2038 563; baseline 0.005 -20"><span class='ocrx_word' id='word_1_14' title='bbox 484 500 511 543; x_wconf 90' lang='lat' dir='ltr'><strong>l.</strong></span> <span class='ocrx_word' id='word_1_15' title='bbox 544 513 580 542; x_wconf 92' lang='lat' dir='ltr'><strong>c.</strong></span> <span class='ocrx_word' id='word_1_16' title='bbox 612 500 626 542; x_wconf 94' lang='lat'><strong>1</strong></span> <span class='ocrx_word' id='word_1_17' title='bbox 659 513 698 554; x_wconf 88' lang='lat' dir='ltr'><strong>p.</strong></span> <span class='ocrx_word' id='word_1_18' title='bbox 721 500 797 542; x_wconf 83' lang='lat' dir='ltr'><strong>XII</strong></span> <span class='ocrx_word' id='word_1_19' title='bbox 820 514 884 555; x_wconf 84' lang='lat' dir='ltr'><strong>sq.</strong></span> <span class='ocrx_word' id='word_1_20' title='bbox 945 500 1040 543; x_wconf 90' lang='lat' dir='ltr'><strong>Hoc</strong></span> <span class='ocrx_word' id='word_1_21' title='bbox 1070 513 1208 545; x_wconf 90' lang='lat' dir='ltr'><strong>unum</strong></span> <span class='ocrx_word' id='word_1_22' title='bbox 1239 501 1502 554; x_wconf 84' lang='lat' dir='ltr'>addiderim,</span> <span class='ocrx_word' id='word_1_23' title='bbox 1535 502 1658 546; x_wconf 91' lang='lat' dir='ltr'><strong>illum</strong></span> <span class='ocrx_word' id='word_1_24' title='bbox 1688 504 1744 548; x_wconf 86' lang='lat' dir='ltr'><strong>de</strong></span> <span class='ocrx_word' id='word_1_25' title='bbox 1774 518 1862 562; x_wconf 90' lang='lat' dir='ltr'><strong>quo</strong></span> <span class='ocrx_word' id='word_1_26' title='bbox 1891 505 2038 563; x_wconf 70' lang='lat' dir='ltr'><strong>agitur</strong></span> 
     </span>
     <span class='ocr_line' id='line_1_5' title="bbox 488 568 2037 632; baseline 0.005 -21"><span class='ocrx_word' id='word_1_27' title='bbox 488 582 665 612; x_wconf 86' lang='lat' dir='ltr'><strong>versum</strong></span> <span class='ocrx_word' id='word_1_28' title='bbox 698 583 787 612; x_wconf 90' lang='lat' dir='ltr'><strong>non</strong></span> <span class='ocrx_word' id='word_1_29' title='bbox 820 582 949 612; x_wconf 88' lang='lat' dir='ltr'><strong>secus</strong></span> <span class='ocrx_word' id='word_1_30' title='bbox 980 572 1113 626; x_wconf 83' lang='lat' dir='ltr'><strong>atque</strong></span> <span class='ocrx_word' id='word_1_31' title='bbox 1144 570 1218 627; x_wconf 90' lang='lat' dir='ltr'><strong>qui</strong></span> <span class='ocrx_word' id='word_1_32' title='bbox 1248 584 1291 626; x_wconf 88' lang='lat' dir='ltr'><strong>p.</strong></span> <span class='ocrx_word' id='word_1_33' title='bbox 1326 572 1390 624; x_wconf 92' lang='grc'>10,</span> <span class='ocrx_word' id='word_1_34' title='bbox 1424 572 1476 614; x_wconf 88' lang='lat'><strong>15</strong></span> <span class='ocrx_word' id='word_1_35' title='bbox 1512 573 1742 627; x_wconf 83' lang='lat' dir='ltr'><strong>praecedit</strong></span> <span class='ocrx_word' id='word_1_36' title='bbox 1769 572 1799 630; x_wconf 80' lang='grc' dir='ltr'>ἤ</span> <span class='ocrx_word' id='word_1_37' title='bbox 1838 568 1920 632; x_wconf 65' lang='grc' dir='ltr'><strong>οὐχ</strong></span> <span class='ocrx_word' id='word_1_38' title='bbox 1946 572 2037 627; x_wconf 70' lang='grc' dir='ltr'><strong>ἅλις</strong></span> 
     </span>
     <span class='ocr_line' id='line_1_6' title="bbox 485 637 2036 700; baseline 0.005 -20"><span class='ocrx_word' id='word_1_39' title='bbox 485 637 575 681; x_wconf 75' lang='grc' dir='ltr'><strong>κτλ.</strong></span> <span class='ocrx_word' id='word_1_40' title='bbox 622 638 667 680; x_wconf 89' lang='lat' dir='ltr'><strong>in</strong></span> <span class='ocrx_word' id='word_1_41' title='bbox 714 638 898 681; x_wconf 82' lang='lat' dir='ltr'>scholiis</span> <span class='ocrx_word' id='word_1_42' title='bbox 931 638 954 695; x_wconf 91' lang='grc' dir='ltr'>β</span> <span class='ocrx_word' id='word_1_43' title='bbox 999 653 1041 693; x_wconf 88' lang='lat' dir='ltr'><strong>p.</strong></span> <span class='ocrx_word' id='word_1_44' title='bbox 1080 639 1149 692; x_wconf 73' lang='lat'><strong>22,</strong></span> <span class='ocrx_word' id='word_1_45' title='bbox 1190 640 1242 682; x_wconf 91' lang='lat'><strong>19</strong></span> <span class='ocrx_word' id='word_1_46' title='bbox 1281 653 1377 696; x_wconf 88' lang='lat' dir='ltr'><strong>sqq.</strong></span> <span class='ocrx_word' id='word_1_47' title='bbox 1416 640 1461 683; x_wconf 89' lang='lat' dir='ltr'><strong>in</strong></span> <span class='ocrx_word' id='word_1_48' title='bbox 1501 640 1612 683; x_wconf 83' lang='grc' dir='ltr'>ἐπῶν</span> <span class='ocrx_word' id='word_1_49' title='bbox 1638 641 1790 698; x_wconf 80' lang='grc' dir='ltr'>χωλῶν</span> <span class='ocrx_word' id='word_1_50' title='bbox 1818 642 2036 700; x_wconf 85' lang='lat' dir='ltr'><strong>exemplis</strong></span> 
     </span>
     <span class='ocr_line' id='line_1_7' title="bbox 488 704 2036 767; baseline 0.005 -17"><span class='ocrx_word' id='word_1_51' title='bbox 488 708 711 751; x_wconf 86' lang='lat' dir='ltr'><strong>numerari</strong></span> <span class='ocrx_word' id='word_1_52' title='bbox 756 711 889 763; x_wconf 84' lang='lat' dir='ltr'><strong>atque</strong></span> <span class='ocrx_word' id='word_1_53' title='bbox 935 708 1020 751; x_wconf 93' lang='lat' dir='ltr'><strong>hoc</strong></span> <span class='ocrx_word' id='word_1_54' title='bbox 1063 706 1348 764; x_wconf 72' lang='grc' dir='ltr'>προκεφάλου,</span> <span class='ocrx_word' id='word_1_55' title='bbox 1394 709 1502 752; x_wconf 91' lang='lat' dir='ltr'><strong>illud</strong></span> <span class='ocrx_word' id='word_1_56' title='bbox 1541 704 1814 767; x_wconf 66' lang='grc' dir='ltr'>ἀκεφάλου.ῑ)</span> <span class='ocrx_word' id='word_1_57' title='bbox 1871 712 2036 757; x_wconf 82' lang='lat' dir='ltr'><strong>Notum</strong></span> 
     </span>
     <span class='ocr_line' id='line_1_8' title="bbox 487 777 2036 836; baseline 0.005 -17"><span class='ocrx_word' id='word_1_58' title='bbox 487 777 618 830; x_wconf 86' lang='lat' dir='ltr'><strong>igitur</strong></span> <span class='ocrx_word' id='word_1_59' title='bbox 657 777 923 831; x_wconf 86' lang='lat' dir='ltr'><strong>exemplum,</strong></span> <span class='ocrx_word' id='word_1_60' title='bbox 970 777 1015 820; x_wconf 90' lang='lat' dir='ltr'><strong>in</strong></span> <span class='ocrx_word' id='word_1_61' title='bbox 1061 790 1149 833; x_wconf 88' lang='lat' dir='ltr'><strong>quo</strong></span> <span class='ocrx_word' id='word_1_62' title='bbox 1195 780 1239 820; x_wconf 86' lang='lat' dir='ltr'><strong>et</strong></span> <span class='ocrx_word' id='word_1_63' title='bbox 1277 778 1375 833; x_wconf 90' lang='lat' dir='ltr'><strong>ipso</strong></span> <span class='ocrx_word' id='word_1_64' title='bbox 1414 778 1630 835; x_wconf 89' lang='lat' dir='ltr'><strong>synizesis</strong></span> <span class='ocrx_word' id='word_1_65' title='bbox 1661 780 2036 836; x_wconf 75' lang='lat' dir='ltr'><strong>conspiciebatur,</strong></span> 
     </span>
     <span class='ocr_line' id='line_1_9' title="bbox 487 839 2036 906; baseline 0.005 -18"><span class='ocrx_word' id='word_1_66' title='bbox 487 845 690 889; x_wconf 90' lang='lat' dir='ltr'><strong>codicum</strong></span> <span class='ocrx_word' id='word_1_67' title='bbox 723 845 849 889; x_wconf 78' lang='grc' dir='ltr'><strong>ΜΤιι</strong></span> <span class='ocrx_word' id='word_1_68' title='bbox 878 839 1035 890; x_wconf 84' lang='lat' dir='ltr'><strong>auctor</strong></span> <span class='ocrx_word' id='word_1_69' title='bbox 1066 846 1266 899; x_wconf 88' lang='lat' dir='ltr'><strong>inseruit,</strong></span> <span class='ocrx_word' id='word_1_70' title='bbox 1295 850 1345 891; x_wconf 91' lang='lat' dir='ltr'><strong>ut</strong></span> <span class='ocrx_word' id='word_1_71' title='bbox 1364 848 1554 891; x_wconf 82' lang='lat' dir='ltr'><strong>alterum</strong></span> <span class='ocrx_word' id='word_1_72' title='bbox 1575 862 1752 904; x_wconf 89' lang='lat' dir='ltr'><strong>quoque</strong></span> <span class='ocrx_word' id='word_1_73' title='bbox 1781 849 2036 906; x_wconf 73' lang='lat' dir='ltr'><strong>synizeseos</strong></span> 
     </span>
     <span class='ocr_line' id='line_1_10' title="bbox 486 915 1707 973; baseline 0.002 -15"><span class='ocrx_word' id='word_1_74' title='bbox 486 928 626 969; x_wconf 87' lang='lat' dir='ltr'><strong>genus</strong></span> <span class='ocrx_word' id='word_1_75' title='bbox 657 915 831 959; x_wconf 91' lang='lat' dir='ltr'><strong>duobus</strong></span> <span class='ocrx_word' id='word_1_76' title='bbox 861 916 1067 959; x_wconf 84' lang='lat' dir='ltr'><strong>versibus</strong></span> <span class='ocrx_word' id='word_1_77' title='bbox 1096 916 1349 960; x_wconf 87' lang='lat' dir='ltr'><strong>Homericis</strong></span> <span class='ocrx_word' id='word_1_78' title='bbox 1381 918 1707 973; x_wconf 86' lang='lat' dir='ltr'><strong>comprobaret.</strong></span> 
     </span>
    </p>

    <p class='ocr_par' dir='ltr' id='par_1_4' title="bbox 483 984 2039 1177">
     <span class='ocr_line' id='line_1_11' title="bbox 599 984 2035 1044; baseline 0.003 -17"><span class='ocrx_word' id='word_1_79' title='bbox 599 998 641 1040; x_wconf 89' lang='lat' dir='ltr'><strong>p.</strong></span> <span class='ocrx_word' id='word_1_80' title='bbox 678 985 741 1036; x_wconf 90' lang='lat'><strong>19,</strong></span> <span class='ocrx_word' id='word_1_81' title='bbox 772 986 798 1027; x_wconf 91' lang='lat'>3</span> <span class='ocrx_word' id='word_1_82' title='bbox 829 986 878 1028; x_wconf 89' lang='lat' dir='ltr'><strong>G.</strong></span> <span class='ocrx_word' id='word_1_83' title='bbox 924 986 1010 1039; x_wconf 90' lang='grc'>(10,</span> <span class='ocrx_word' id='word_1_84' title='bbox 1047 986 1096 1029; x_wconf 93' lang='grc'><strong>13</strong></span> <span class='ocrx_word' id='word_1_85' title='bbox 1127 986 1215 1040; x_wconf 89' lang='lat' dir='ltr'><strong>W.)</strong></span> <span class='ocrx_word' id='word_1_86' title='bbox 1261 986 1306 1029; x_wconf 87' lang='lat' dir='ltr'><strong>iu</strong></span> <span class='ocrx_word' id='word_1_87' title='bbox 1337 984 1377 1028; x_wconf 99' lang='lat' dir='ltr'><strong><em>A</em></strong></span> <span class='ocrx_word' id='word_1_88' title='bbox 1407 989 1477 1030; x_wconf 89' lang='lat' dir='ltr'><strong>est</strong></span> <span class='ocrx_word' id='word_1_89' title='bbox 1515 986 1614 1042; x_wconf 75' lang='grc' dir='ltr'>οἷον,</span> <span class='ocrx_word' id='word_1_90' title='bbox 1645 987 1692 1030; x_wconf 90' lang='lat' dir='ltr'><strong>in</strong></span> <span class='ocrx_word' id='word_1_91' title='bbox 1726 985 1853 1031; x_wconf 67' lang='lat' dir='ltr'><strong>Mra</strong></span> <span class='ocrx_word' id='word_1_92' title='bbox 1881 985 1940 1040; x_wconf 70' lang='lat' dir='ltr'><strong>cic</strong></span> <span class='ocrx_word' id='word_1_93' title='bbox 1965 985 2035 1044; x_wconf 80' lang='grc' dir='ltr'><strong>τό;</strong></span> 
     </span>
     <span class='ocr_line' id='line_1_12' title="bbox 489 1050 2039 1112; baseline 0.005 -16"><span class='ocrx_word' id='word_1_94' title='bbox 489 1053 596 1097; x_wconf 87' lang='lat' dir='ltr'><strong>illud</strong></span> <span class='ocrx_word' id='word_1_95' title='bbox 641 1054 809 1109; x_wconf 84' lang='lat' dir='ltr'><strong>recepit</strong></span> <span class='ocrx_word' id='word_1_96' title='bbox 854 1054 1148 1106; x_wconf 82' lang='lat' dir='ltr'><strong>Gaisfordius,</strong></span> <span class='ocrx_word' id='word_1_97' title='bbox 1194 1055 1280 1098; x_wconf 89' lang='lat' dir='ltr'><strong>hoc</strong></span> <span class='ocrx_word' id='word_1_98' title='bbox 1324 1054 1644 1110; x_wconf 86' lang='lat' dir='ltr'><strong>Westphalius.</strong></span> <span class='ocrx_word' id='word_1_99' title='bbox 1705 1050 1760 1108; x_wconf 79' lang='grc' dir='ltr'><strong>ὥς</strong></span> <span class='ocrx_word' id='word_1_100' title='bbox 1793 1054 1840 1099; x_wconf 84' lang='grc' dir='ltr'><strong>τὸ</strong></span> <span class='ocrx_word' id='word_1_101' title='bbox 1877 1056 2039 1112; x_wconf 70' lang='lat' dir='ltr'><strong>legitur</strong></span> 
     </span>
     <span class='ocr_line' id='line_1_13' title="bbox 483 1123 1298 1177; baseline 0.002 -12"><span class='ocrx_word' id='word_1_102' title='bbox 483 1125 716 1177; x_wconf 86' lang='lat' dir='ltr'><strong>praeterea</strong></span> <span class='ocrx_word' id='word_1_103' title='bbox 747 1124 792 1166; x_wconf 90' lang='lat' dir='ltr'><strong>in</strong></span> <span class='ocrx_word' id='word_1_104' title='bbox 824 1123 1054 1167; x_wconf 85' lang='lat' dir='ltr'><strong>codicibus</strong></span> <span class='ocrx_word' id='word_1_105' title='bbox 1085 1123 1155 1167; x_wconf 91' lang='lat' dir='ltr'><strong>his</strong></span> <span class='ocrx_word' id='word_1_106' title='bbox 1187 1124 1298 1167; x_wconf 90' lang='lat' dir='ltr'><strong>locis</strong></span> 
     </span>
    </p>

    <p class='ocr_par' dir='ltr' id='par_1_5' title="bbox 598 1187 2008 1248">
     <span class='ocr_line' id='line_1_14' title="bbox 598 1187 2008 1248; baseline 0.002 -13"><span class='ocrx_word' id='word_1_107' title='bbox 598 1205 639 1247; x_wconf 89' lang='lat' dir='ltr'><strong>p.</strong></span> <span class='ocrx_word' id='word_1_108' title='bbox 671 1193 739 1243; x_wconf 75' lang='lat'><strong>32,</strong></span> <span class='ocrx_word' id='word_1_109' title='bbox 770 1193 797 1234; x_wconf 91' lang='grc'><strong>6</strong></span> <span class='ocrx_word' id='word_1_110' title='bbox 827 1192 876 1235; x_wconf 90' lang='lat' dir='ltr'><strong>G.</strong></span> <span class='ocrx_word' id='word_1_111' title='bbox 908 1192 995 1244; x_wconf 93' lang='lat'><strong>(17,</strong></span> <span class='ocrx_word' id='word_1_112' title='bbox 1025 1193 1077 1235; x_wconf 76' lang='lat'><strong>21</strong></span> <span class='ocrx_word' id='word_1_113' title='bbox 1111 1192 1199 1248; x_wconf 89' lang='lat' dir='ltr'><strong>W.)</strong></span> <span class='ocrx_word' id='word_1_114' title='bbox 1229 1187 1285 1243; x_wconf 79' lang='grc' dir='ltr'><strong>ὥς</strong></span> <span class='ocrx_word' id='word_1_115' title='bbox 1320 1190 1401 1244; x_wconf 60' lang='lat' dir='ltr'><strong>Iu,</strong></span> <span class='ocrx_word' id='word_1_116' title='bbox 1432 1188 1488 1244; x_wconf 82' lang='grc' dir='ltr'><strong>ὧς</strong></span> <span class='ocrx_word' id='word_1_117' title='bbox 1515 1192 1562 1236; x_wconf 74' lang='grc' dir='ltr'><strong>τό</strong></span> <span class='ocrx_word' id='word_1_118' title='bbox 1593 1193 1706 1246; x_wconf 67' lang='lat' dir='ltr'><strong>dett„</strong></span> <span class='ocrx_word' id='word_1_119' title='bbox 1745 1207 1833 1238; x_wconf 92' lang='lat' dir='ltr'><strong>om.</strong></span> <span class='ocrx_word' id='word_1_120' title='bbox 1864 1192 2008 1238; x_wconf 77' lang='grc' dir='ltr'><strong>ΛΟΜ.</strong></span> 
     </span>
    </p>

    <p class='ocr_par' dir='ltr' id='par_1_6' title="bbox 599 1255 1884 1316">
     <span class='ocr_line' id='line_1_15' title="bbox 599 1255 1884 1316; baseline 0.002 -12"><span class='ocrx_word' id='word_1_121' title='bbox 599 1276 640 1316; x_wconf 90' lang='lat' dir='ltr'><strong>p.</strong></span> <span class='ocrx_word' id='word_1_122' title='bbox 671 1262 739 1313; x_wconf 88' lang='lat'><strong>34,</strong></span> <span class='ocrx_word' id='word_1_123' title='bbox 771 1263 796 1304; x_wconf 74' lang='lat'><strong>2</strong></span> <span class='ocrx_word' id='word_1_124' title='bbox 827 1262 876 1304; x_wconf 88' lang='lat' dir='ltr'><strong>G.</strong></span> <span class='ocrx_word' id='word_1_125' title='bbox 908 1262 994 1313; x_wconf 96' lang='lat'><strong>(18,</strong></span> <span class='ocrx_word' id='word_1_126' title='bbox 1025 1261 1079 1304; x_wconf 77' lang='lat'><strong>23</strong></span> <span class='ocrx_word' id='word_1_127' title='bbox 1109 1261 1198 1316; x_wconf 90' lang='lat' dir='ltr'><strong>W.)</strong></span> <span class='ocrx_word' id='word_1_128' title='bbox 1229 1255 1285 1312; x_wconf 77' lang='grc' dir='ltr'><strong>ὥς</strong></span> <span class='ocrx_word' id='word_1_129' title='bbox 1313 1260 1359 1303; x_wconf 85' lang='grc' dir='ltr'><strong>τὸ</strong></span> <span class='ocrx_word' id='word_1_130' title='bbox 1391 1275 1479 1305; x_wconf 86' lang='lat' dir='ltr'><strong>om.</strong></span> <span class='ocrx_word' id='word_1_131' title='bbox 1510 1261 1605 1316; x_wconf 78' lang='grc' dir='ltr'>ΑΡ,</span> <span class='ocrx_word' id='word_1_132' title='bbox 1635 1257 1691 1315; x_wconf 77' lang='grc' dir='ltr'><strong>ὥς</strong></span> <span class='ocrx_word' id='word_1_133' title='bbox 1719 1261 1766 1306; x_wconf 86' lang='grc' dir='ltr'><strong>τό</strong></span> <span class='ocrx_word' id='word_1_134' title='bbox 1796 1261 1884 1306; x_wconf 79' lang='lat' dir='ltr'><strong>rell.</strong></span> 
     </span>
    </p>

    <p class='ocr_par' dir='ltr' id='par_1_7' title="bbox 597 1326 1867 1385">
     <span class='ocr_line' id='line_1_16' title="bbox 597 1326 1867 1385; baseline 0.002 -13"><span class='ocrx_word' id='word_1_135' title='bbox 597 1345 638 1385; x_wconf 92' lang='lat' dir='ltr'><strong>p.</strong></span> <span class='ocrx_word' id='word_1_136' title='bbox 671 1330 739 1382; x_wconf 90' lang='lat'><strong>34,</strong></span> <span class='ocrx_word' id='word_1_137' title='bbox 770 1332 796 1373; x_wconf 89' lang='lat'>5</span> <span class='ocrx_word' id='word_1_138' title='bbox 827 1331 875 1374; x_wconf 90' lang='lat' dir='ltr'><strong>G.</strong></span> <span class='ocrx_word' id='word_1_139' title='bbox 908 1330 994 1383; x_wconf 90' lang='lat'><strong>(19,</strong></span> <span class='ocrx_word' id='word_1_140' title='bbox 1025 1331 1051 1373; x_wconf 90' lang='lat'><strong>3</strong></span> <span class='ocrx_word' id='word_1_141' title='bbox 1082 1330 1170 1385; x_wconf 92' lang='lat' dir='ltr'><strong>W.)</strong></span> <span class='ocrx_word' id='word_1_142' title='bbox 1200 1328 1255 1382; x_wconf 79' lang='grc' dir='ltr'><strong>ὥς</strong></span> <span class='ocrx_word' id='word_1_143' title='bbox 1283 1329 1329 1372; x_wconf 88' lang='grc' dir='ltr'><strong>τὸ</strong></span> <span class='ocrx_word' id='word_1_144' title='bbox 1361 1344 1448 1374; x_wconf 91' lang='lat' dir='ltr'><strong>om.</strong></span> <span class='ocrx_word' id='word_1_145' title='bbox 1480 1330 1575 1384; x_wconf 86' lang='grc' dir='ltr'>ΑΡ,</span> <span class='ocrx_word' id='word_1_146' title='bbox 1605 1326 1662 1384; x_wconf 78' lang='grc' dir='ltr'><strong>ὥς</strong></span> <span class='ocrx_word' id='word_1_147' title='bbox 1690 1330 1736 1375; x_wconf 80' lang='grc' dir='ltr'><strong>τὸ</strong></span> <span class='ocrx_word' id='word_1_148' title='bbox 1766 1330 1867 1375; x_wconf 74' lang='lat' dir='ltr'><strong>rea.-</strong></span> 
     </span>
    </p>

    <p class='ocr_par' dir='ltr' id='par_1_8' title="bbox 598 1397 1947 1454">
     <span class='ocr_line' id='line_1_17' title="bbox 598 1397 1947 1454; baseline 0.001 -12"><span class='ocrx_word' id='word_1_149' title='bbox 598 1413 640 1454; x_wconf 93' lang='lat' dir='ltr'><strong>p.</strong></span> <span class='ocrx_word' id='word_1_150' title='bbox 671 1401 740 1451; x_wconf 86' lang='lat'><strong>50,</strong></span> <span class='ocrx_word' id='word_1_151' title='bbox 775 1402 826 1442; x_wconf 87' lang='lat'><strong>15</strong></span> <span class='ocrx_word' id='word_1_152' title='bbox 858 1400 906 1443; x_wconf 93' lang='lat' dir='ltr'><strong>G.</strong></span> <span class='ocrx_word' id='word_1_153' title='bbox 938 1400 1024 1453; x_wconf 69' lang='lat'><strong>(27,</strong></span> <span class='ocrx_word' id='word_1_154' title='bbox 1058 1400 1111 1442; x_wconf 90' lang='lat'><strong>19</strong></span> <span class='ocrx_word' id='word_1_155' title='bbox 1140 1398 1228 1454; x_wconf 93' lang='lat' dir='ltr'><strong>W.)</strong></span> <span class='ocrx_word' id='word_1_156' title='bbox 1259 1397 1314 1451; x_wconf 86' lang='grc' dir='ltr'><strong>ώς</strong></span> <span class='ocrx_word' id='word_1_157' title='bbox 1342 1398 1388 1442; x_wconf 88' lang='grc' dir='ltr'><strong>τὸ</strong></span> <span class='ocrx_word' id='word_1_158' title='bbox 1421 1414 1507 1443; x_wconf 91' lang='lat' dir='ltr'><strong>om.</strong></span> <span class='ocrx_word' id='word_1_159' title='bbox 1538 1398 1668 1454; x_wconf 73' lang='lat' dir='ltr'><strong>ATu,</strong></span> <span class='ocrx_word' id='word_1_160' title='bbox 1699 1398 1756 1453; x_wconf 80' lang='grc' dir='ltr'><strong>ὥς</strong></span> <span class='ocrx_word' id='word_1_161' title='bbox 1783 1399 1830 1444; x_wconf 70' lang='grc' dir='ltr'><strong>τό</strong></span> <span class='ocrx_word' id='word_1_162' title='bbox 1858 1400 1947 1444; x_wconf 79' lang='lat' dir='ltr'><strong>rell.</strong></span> 
     </span>
    </p>

    <p class='ocr_par' dir='ltr' id='par_1_9' title="bbox 483 1466 2034 1729">
     <span class='ocr_line' id='line_1_18' title="bbox 598 1466 2034 1527; baseline 0.003 -16"><span class='ocrx_word' id='word_1_163' title='bbox 598 1468 714 1523; x_wconf 87' lang='lat' dir='ltr'><strong>Ergo</strong></span> <span class='ocrx_word' id='word_1_164' title='bbox 747 1469 793 1511; x_wconf 93' lang='lat' dir='ltr'><strong>in</strong></span> <span class='ocrx_word' id='word_1_165' title='bbox 823 1466 863 1510; x_wconf 91' lang='lat' dir='ltr'><strong><em>A</em></strong></span> <span class='ocrx_word' id='word_1_166' title='bbox 895 1482 951 1511; x_wconf 88' lang='lat' dir='ltr'><strong>ne</strong></span> <span class='ocrx_word' id='word_1_167' title='bbox 983 1469 1122 1511; x_wconf 89' lang='lat' dir='ltr'><strong>semel</strong></span> <span class='ocrx_word' id='word_1_168' title='bbox 1153 1468 1332 1524; x_wconf 88' lang='lat' dir='ltr'><strong>quidem</strong></span> <span class='ocrx_word' id='word_1_169' title='bbox 1363 1467 1419 1520; x_wconf 75' lang='grc' dir='ltr'><strong>ὥς</strong></span> <span class='ocrx_word' id='word_1_170' title='bbox 1437 1467 1485 1511; x_wconf 86' lang='grc' dir='ltr'><strong>τό</strong></span> <span class='ocrx_word' id='word_1_171' title='bbox 1516 1469 1690 1524; x_wconf 82' lang='lat' dir='ltr'><strong>legitur.</strong></span> <span class='ocrx_word' id='word_1_172' title='bbox 1748 1469 1900 1526; x_wconf 87' lang='lat' dir='ltr'><strong>Itaque</strong></span> <span class='ocrx_word' id='word_1_173' title='bbox 1920 1482 2034 1527; x_wconf 74' lang='lat' dir='ltr'><strong>quae</strong></span> 
     </span>
     <span class='ocr_line' id='line_1_19' title="bbox 484 1537 2034 1593; baseline 0.003 -14"><span class='ocrx_word' id='word_1_174' title='bbox 484 1540 553 1579; x_wconf 85' lang='lat' dir='ltr'><strong>est</strong></span> <span class='ocrx_word' id='word_1_175' title='bbox 579 1537 880 1593; x_wconf 88' lang='lat' dir='ltr'><strong>„reliquorum</strong></span> <span class='ocrx_word' id='word_1_176' title='bbox 905 1537 1135 1581; x_wconf 88' lang='lat' dir='ltr'><strong>codicum“</strong></span> <span class='ocrx_word' id='word_1_177' title='bbox 1161 1537 1279 1592; x_wconf 86' lang='lat' dir='ltr'><strong>apud</strong></span> <span class='ocrx_word' id='word_1_178' title='bbox 1301 1537 1605 1581; x_wconf 84' lang='lat' dir='ltr'><strong>Gaisfordium</strong></span> <span class='ocrx_word' id='word_1_179' title='bbox 1622 1538 1845 1592; x_wconf 87' lang='lat' dir='ltr'><strong>condicio,</strong></span> <span class='ocrx_word' id='word_1_180' title='bbox 1874 1541 2034 1584; x_wconf 82' lang='lat' dir='ltr'><strong>nostro</strong></span> 
     </span>
     <span class='ocr_line' id='line_1_20' title="bbox 483 1605 2034 1664; baseline 0.003 -16"><span class='ocrx_word' id='word_1_181' title='bbox 483 1605 577 1648; x_wconf 88' lang='lat' dir='ltr'><strong>iure</strong></span> <span class='ocrx_word' id='word_1_182' title='bbox 622 1607 678 1649; x_wconf 86' lang='lat' dir='ltr'><strong>ab</strong></span> <span class='ocrx_word' id='word_1_183' title='bbox 722 1606 1058 1662; x_wconf 80' lang='lat' dir='ltr'><strong>Hephaestione</strong></span> <span class='ocrx_word' id='word_1_184' title='bbox 1096 1607 1208 1650; x_wconf 88' lang='lat' dir='ltr'><strong>haec</strong></span> <span class='ocrx_word' id='word_1_185' title='bbox 1251 1607 1389 1650; x_wconf 85' lang='lat' dir='ltr'><strong>verba</strong></span> <span class='ocrx_word' id='word_1_186' title='bbox 1431 1621 1514 1662; x_wconf 90' lang='lat' dir='ltr'><strong>pro</strong></span> <span class='ocrx_word' id='word_1_187' title='bbox 1559 1606 1645 1651; x_wconf 81' lang='grc' dir='ltr'><strong>οῖον</strong></span> <span class='ocrx_word' id='word_1_188' title='bbox 1681 1610 1898 1664; x_wconf 81' lang='lat' dir='ltr'><strong>usurpata</strong></span> <span class='ocrx_word' id='word_1_189' title='bbox 1933 1622 2034 1653; x_wconf 85' lang='lat' dir='ltr'><strong>esse</strong></span> 
     </span>
     <span class='ocr_line' id='line_1_21' title="bbox 483 1675 758 1729; baseline 0.004 -12"><span class='ocrx_word' id='word_1_190' title='bbox 483 1675 758 1729; x_wconf 84' lang='lat' dir='ltr'><strong>negabimus.</strong></span> 
     </span>
    </p>

    <p class='ocr_par' dir='ltr' id='par_1_10' title="bbox 483 1742 2036 2007">
     <span class='ocr_line' id='line_1_22' title="bbox 599 1742 2036 1799; baseline 0.003 -13"><span class='ocrx_word' id='word_1_191' title='bbox 599 1758 640 1799; x_wconf 88' lang='lat' dir='ltr'><strong>p.</strong></span> <span class='ocrx_word' id='word_1_192' title='bbox 672 1744 741 1797; x_wconf 91' lang='lat'><strong>84,</strong></span> <span class='ocrx_word' id='word_1_193' title='bbox 774 1745 798 1787; x_wconf 94' lang='grc'>7</span> <span class='ocrx_word' id='word_1_194' title='bbox 829 1745 878 1787; x_wconf 89' lang='lat' dir='ltr'><strong>G.</strong></span> <span class='ocrx_word' id='word_1_195' title='bbox 911 1744 996 1797; x_wconf 89' lang='lat'><strong>(44,</strong></span> <span class='ocrx_word' id='word_1_196' title='bbox 1029 1744 1089 1790; x_wconf 85' lang='grc'><strong>24</strong></span> <span class='ocrx_word' id='word_1_197' title='bbox 1119 1744 1207 1799; x_wconf 92' lang='lat' dir='ltr'><strong>W.)</strong></span> <span class='ocrx_word' id='word_1_198' title='bbox 1238 1744 1285 1787; x_wconf 92' lang='lat' dir='ltr'><strong>in</strong></span> <span class='ocrx_word' id='word_1_199' title='bbox 1315 1742 1355 1786; x_wconf 90' lang='lat' dir='ltr'><strong><em>A</em></strong></span> <span class='ocrx_word' id='word_1_200' title='bbox 1387 1747 1455 1787; x_wconf 85' lang='lat' dir='ltr'><strong>est</strong></span> <span class='ocrx_word' id='word_1_201' title='bbox 1485 1742 1571 1787; x_wconf 82' lang='grc' dir='ltr'><strong>οἶόν</strong></span> <span class='ocrx_word' id='word_1_202' title='bbox 1601 1744 1686 1787; x_wconf 83' lang='grc' dir='ltr'>ἐστι</span> <span class='ocrx_word' id='word_1_203' title='bbox 1714 1743 1774 1799; x_wconf 89' lang='grc' dir='ltr'>τό,</span> <span class='ocrx_word' id='word_1_204' title='bbox 1806 1745 1854 1789; x_wconf 88' lang='lat' dir='ltr'><strong>in</strong></span> <span class='ocrx_word' id='word_1_205' title='bbox 1882 1744 1927 1788; x_wconf 91' lang='grc' dir='ltr'><strong><em>Β</em></strong></span> <span class='ocrx_word' id='word_1_206' title='bbox 1950 1743 2036 1790; x_wconf 74' lang='grc' dir='ltr'><strong>οἶόν</strong></span> 
     </span>
     <span class='ocr_line' id='line_1_23' title="bbox 485 1811 2036 1869; baseline 0.003 -14"><span class='ocrx_word' id='word_1_207' title='bbox 485 1813 569 1855; x_wconf 80' lang='grc' dir='ltr'>ἐστι</span> <span class='ocrx_word' id='word_1_208' title='bbox 604 1811 651 1855; x_wconf 85' lang='grc' dir='ltr'><strong>τὸ</strong></span> <span class='ocrx_word' id='word_1_209' title='bbox 689 1813 883 1856; x_wconf 84' lang='grc' dir='ltr'>τοιοῦτον.</span> <span class='ocrx_word' id='word_1_210' title='bbox 948 1814 1222 1857; x_wconf 88' lang='lat' dir='ltr'><strong>Vocabulum</strong></span> <span class='ocrx_word' id='word_1_211' title='bbox 1261 1813 1445 1856; x_wconf 87' lang='grc' dir='ltr'>τοιοῦτον</span> <span class='ocrx_word' id='word_1_212' title='bbox 1483 1813 1529 1856; x_wconf 93' lang='lat' dir='ltr'><strong>in</strong></span> <span class='ocrx_word' id='word_1_213' title='bbox 1566 1812 1610 1855; x_wconf 92' lang='grc' dir='ltr'><strong><em>Β</em></strong></span> <span class='ocrx_word' id='word_1_214' title='bbox 1636 1815 1928 1869; x_wconf 80' lang='lat' dir='ltr'><strong>grammatico</strong></span> <span class='ocrx_word' id='word_1_215' title='bbox 1958 1815 2036 1859; x_wconf 91' lang='lat' dir='ltr'><strong>de-</strong></span> 
     </span>
     <span class='ocr_line' id='line_1_24' title="bbox 483 1882 2036 1937; baseline 0.001 -11"><span class='ocrx_word' id='word_1_216' title='bbox 483 1884 626 1935; x_wconf 85' lang='lat' dir='ltr'><strong>betur,</strong></span> <span class='ocrx_word' id='word_1_217' title='bbox 658 1883 741 1926; x_wconf 86' lang='lat' dir='ltr'><strong>etsi</strong></span> <span class='ocrx_word' id='word_1_218' title='bbox 771 1896 813 1937; x_wconf 91' lang='lat' dir='ltr'><strong>p.</strong></span> <span class='ocrx_word' id='word_1_219' title='bbox 845 1883 914 1934; x_wconf 91' lang='lat'><strong>68,</strong></span> <span class='ocrx_word' id='word_1_220' title='bbox 944 1883 972 1925; x_wconf 88' lang='grc'>6</span> <span class='ocrx_word' id='word_1_221' title='bbox 1002 1883 1051 1926; x_wconf 90' lang='lat' dir='ltr'><strong>G.</strong></span> <span class='ocrx_word' id='word_1_222' title='bbox 1083 1883 1169 1935; x_wconf 87' lang='lat'><strong>(36,</strong></span> <span class='ocrx_word' id='word_1_223' title='bbox 1200 1883 1227 1925; x_wconf 92' lang='grc'>8</span> <span class='ocrx_word' id='word_1_224' title='bbox 1248 1882 1335 1937; x_wconf 91' lang='lat' dir='ltr'><strong>W.)</strong></span> <span class='ocrx_word' id='word_1_225' title='bbox 1366 1882 1413 1925; x_wconf 89' lang='lat' dir='ltr'><strong>in</strong></span> <span class='ocrx_word' id='word_1_226' title='bbox 1434 1882 1643 1926; x_wconf 89' lang='lat' dir='ltr'><strong>omnibus</strong></span> <span class='ocrx_word' id='word_1_227' title='bbox 1666 1883 1896 1928; x_wconf 88' lang='lat' dir='ltr'><strong>codicibus</strong></span> <span class='ocrx_word' id='word_1_228' title='bbox 1916 1883 2036 1928; x_wconf 88' lang='lat' dir='ltr'><strong>inest</strong></span> 
     </span>
     <span class='ocr_line' id='line_1_25' title="bbox 485 1950 1187 2007; baseline -0.001 -13"><span class='ocrx_word' id='word_1_229' title='bbox 485 1950 550 1994; x_wconf 80' lang='grc' dir='ltr'><strong>οἶοί</strong></span> <span class='ocrx_word' id='word_1_230' title='bbox 583 1952 667 1994; x_wconf 84' lang='grc' dir='ltr'>ἐστι</span> <span class='ocrx_word' id='word_1_231' title='bbox 695 1950 746 1994; x_wconf 80' lang='grc' dir='ltr'><strong>τὰ</strong></span> <span class='ocrx_word' id='word_1_232' title='bbox 775 1951 946 1994; x_wconf 82' lang='grc' dir='ltr'>τοιαῦτα</span> <span class='ocrx_word' id='word_1_233' title='bbox 975 1950 1187 2007; x_wconf 85' lang='grc' dir='ltr'>Σαπφοῦς.</span> 
     </span>
    </p>

    <p class='ocr_par' dir='ltr' id='par_1_11' title="bbox 484 2020 2038 2768">
     <span class='ocr_line' id='line_1_26' title="bbox 594 2020 2035 2077; baseline 0.002 -13"><span class='ocrx_word' id='word_1_234' title='bbox 594 2022 733 2064; x_wconf 85' lang='lat' dir='ltr'><strong>Paulo</strong></span> <span class='ocrx_word' id='word_1_235' title='bbox 783 2021 1033 2064; x_wconf 83' lang='lat' dir='ltr'><strong>intricatior</strong></span> <span class='ocrx_word' id='word_1_236' title='bbox 1082 2023 1151 2064; x_wconf 91' lang='lat' dir='ltr'><strong>est</strong></span> <span class='ocrx_word' id='word_1_237' title='bbox 1199 2020 1402 2077; x_wconf 86' lang='lat' dir='ltr'><strong>quaestio</strong></span> <span class='ocrx_word' id='word_1_238' title='bbox 1449 2020 1504 2064; x_wconf 88' lang='lat' dir='ltr'><strong>de</strong></span> <span class='ocrx_word' id='word_1_239' title='bbox 1548 2035 1591 2076; x_wconf 90' lang='lat' dir='ltr'><strong>p.</strong></span> <span class='ocrx_word' id='word_1_240' title='bbox 1636 2022 1705 2074; x_wconf 88' lang='grc'>33,</span> <span class='ocrx_word' id='word_1_241' title='bbox 1754 2023 1947 2066; x_wconf 87' lang='grc'>10-13</span> <span class='ocrx_word' id='word_1_242' title='bbox 1984 2023 2035 2067; x_wconf 83' lang='lat' dir='ltr'><strong>G.</strong></span> 
     </span>
     <span class='ocr_line' id='line_1_27' title="bbox 487 2087 2037 2145; baseline 0.002 -12"><span class='ocrx_word' id='word_1_243' title='bbox 487 2091 572 2143; x_wconf 89' lang='lat'><strong>(18,</strong></span> <span class='ocrx_word' id='word_1_244' title='bbox 606 2091 889 2145; x_wconf 93' lang='lat' dir='ltr'><strong>16-19W.).</strong></span> <span class='ocrx_word' id='word_1_245' title='bbox 949 2090 1095 2133; x_wconf 86' lang='lat' dir='ltr'><strong>Verba</strong></span> <span class='ocrx_word' id='word_1_246' title='bbox 1124 2103 1238 2145; x_wconf 86' lang='lat' dir='ltr'><strong>quae</strong></span> <span class='ocrx_word' id='word_1_247' title='bbox 1267 2090 1315 2132; x_wconf 90' lang='lat' dir='ltr'><strong>in</strong></span> <span class='ocrx_word' id='word_1_248' title='bbox 1345 2087 1470 2132; x_wconf 82' lang='lat' dir='ltr'><strong>ACP</strong></span> <span class='ocrx_word' id='word_1_249' title='bbox 1494 2090 1557 2143; x_wconf 86' lang='lat' dir='ltr'><strong>(et</strong></span> <span class='ocrx_word' id='word_1_250' title='bbox 1578 2089 1886 2135; x_wconf 88' lang='lat' dir='ltr'><strong>Choerobosci</strong></span> <span class='ocrx_word' id='word_1_251' title='bbox 1907 2091 2037 2136; x_wconf 87' lang='lat' dir='ltr'><strong>codd.</strong></span> 
     </span>
     <span class='ocr_line' id='line_1_28' title="bbox 487 2157 2036 2214; baseline 0.003 -12"><span class='ocrx_word' id='word_1_252' title='bbox 487 2157 604 2214; x_wconf 75' lang='lat' dir='ltr'><strong>K82)</strong></span> <span class='ocrx_word' id='word_1_253' title='bbox 649 2174 690 2214; x_wconf 89' lang='lat' dir='ltr'><strong>p.</strong></span> <span class='ocrx_word' id='word_1_254' title='bbox 721 2161 789 2211; x_wconf 87' lang='grc'>69,</span> <span class='ocrx_word' id='word_1_255' title='bbox 826 2160 1007 2214; x_wconf 72' lang='grc'>16-21)</span> <span class='ocrx_word' id='word_1_256' title='bbox 1052 2160 1258 2214; x_wconf 84' lang='lat' dir='ltr'><strong>leguntur</strong></span> <span class='ocrx_word' id='word_1_257' title='bbox 1295 2162 1372 2202; x_wconf 83' lang='lat' dir='ltr'><strong>aut</strong></span> <span class='ocrx_word' id='word_1_258' title='bbox 1409 2160 1624 2202; x_wconf 87' lang='lat' dir='ltr'><strong>lacunosa</strong></span> <span class='ocrx_word' id='word_1_259' title='bbox 1669 2173 1770 2204; x_wconf 89' lang='lat' dir='ltr'><strong>esse</strong></span> <span class='ocrx_word' id='word_1_260' title='bbox 1809 2163 1885 2204; x_wconf 83' lang='lat' dir='ltr'><strong>aut</strong></span> <span class='ocrx_word' id='word_1_261' title='bbox 1915 2164 2036 2206; x_wconf 83' lang='lat' dir='ltr'><strong>certe</strong></span> 
     </span>
     <span class='ocr_line' id='line_1_29' title="bbox 487 2228 2035 2285; baseline 0.002 -14"><span class='ocrx_word' id='word_1_262' title='bbox 487 2229 726 2284; x_wconf 84' lang='lat' dir='ltr'><strong>depravata</strong></span> <span class='ocrx_word' id='word_1_263' title='bbox 771 2229 914 2284; x_wconf 89' lang='lat' dir='ltr'><strong>quivis</strong></span> <span class='ocrx_word' id='word_1_264' title='bbox 959 2229 1081 2272; x_wconf 86' lang='lat' dir='ltr'><strong>videt</strong></span> <span class='ocrx_word' id='word_1_265' title='bbox 1125 2242 1270 2284; x_wconf 89' lang='lat' dir='ltr'><strong>neque</strong></span> <span class='ocrx_word' id='word_1_266' title='bbox 1315 2228 1499 2272; x_wconf 93' lang='lat' dir='ltr'><strong>dubium</strong></span> <span class='ocrx_word' id='word_1_267' title='bbox 1538 2231 1620 2282; x_wconf 89' lang='lat' dir='ltr'><strong>est,</strong></span> <span class='ocrx_word' id='word_1_268' title='bbox 1665 2229 1774 2285; x_wconf 88' lang='lat' dir='ltr'><strong>quin</strong></span> <span class='ocrx_word' id='word_1_269' title='bbox 1811 2230 2035 2275; x_wconf 80' lang='lat' dir='ltr'><strong>sententia</strong></span> 
     </span>
     <span class='ocr_line' id='line_1_30' title="bbox 488 2297 2036 2353; baseline 0.003 -13"><span class='ocrx_word' id='word_1_270' title='bbox 488 2298 581 2340; x_wconf 87' lang='lat' dir='ltr'><strong>eius</strong></span> <span class='ocrx_word' id='word_1_271' title='bbox 604 2298 724 2353; x_wconf 88' lang='lat' dir='ltr'><strong>quod</strong></span> <span class='ocrx_word' id='word_1_272' title='bbox 753 2298 886 2353; x_wconf 87' lang='lat' dir='ltr'><strong>periit</strong></span> <span class='ocrx_word' id='word_1_273' title='bbox 917 2298 1149 2350; x_wconf 85' lang='lat' dir='ltr'><strong>enuntiati,</strong></span> <span class='ocrx_word' id='word_1_274' title='bbox 1185 2297 1222 2341; x_wconf 88' lang='lat' dir='ltr'><strong>si</strong></span> <span class='ocrx_word' id='word_1_275' title='bbox 1255 2297 1390 2341; x_wconf 91' lang='lat' dir='ltr'><strong>modo</strong></span> <span class='ocrx_word' id='word_1_276' title='bbox 1420 2297 1568 2352; x_wconf 90' lang='lat' dir='ltr'><strong>periit,</strong></span> <span class='ocrx_word' id='word_1_277' title='bbox 1600 2298 1757 2342; x_wconf 87' lang='lat' dir='ltr'><strong>eadem</strong></span> <span class='ocrx_word' id='word_1_278' title='bbox 1788 2298 1881 2342; x_wconf 80' lang='lat' dir='ltr'><strong>fere</strong></span> <span class='ocrx_word' id='word_1_279' title='bbox 1901 2299 2036 2344; x_wconf 84' lang='lat' dir='ltr'><strong>fuerit</strong></span> 
     </span>
     <span class='ocr_line' id='line_1_31' title="bbox 484 2364 2034 2422; baseline 0.002 -13"><span class='ocrx_word' id='word_1_280' title='bbox 484 2370 617 2422; x_wconf 85' lang='lat' dir='ltr'><strong>atque</strong></span> <span class='ocrx_word' id='word_1_281' title='bbox 663 2366 794 2419; x_wconf 93' lang='lat' dir='ltr'><strong>illius,</strong></span> <span class='ocrx_word' id='word_1_282' title='bbox 840 2367 959 2422; x_wconf 87' lang='lat' dir='ltr'><strong>quod</strong></span> <span class='ocrx_word' id='word_1_283' title='bbox 1005 2367 1051 2410; x_wconf 90' lang='lat' dir='ltr'><strong>in</strong></span> <span class='ocrx_word' id='word_1_284' title='bbox 1089 2367 1319 2410; x_wconf 89' lang='lat' dir='ltr'><strong>codicibus</strong></span> <span class='ocrx_word' id='word_1_285' title='bbox 1364 2366 1626 2410; x_wconf 86' lang='lat' dir='ltr'><strong>familiarum</strong></span> <span class='ocrx_word' id='word_1_286' title='bbox 1666 2366 1711 2409; x_wconf 91' lang='lat' dir='ltr'><em>B</em></span> <span class='ocrx_word' id='word_1_287' title='bbox 1743 2369 1790 2410; x_wconf 90' lang='lat' dir='ltr'><strong>et</strong></span> <span class='ocrx_word' id='word_1_288' title='bbox 1838 2364 1882 2410; x_wconf 83' lang='lat' dir='ltr'><strong><em>Y</em></strong></span> <span class='ocrx_word' id='word_1_289' title='bbox 1902 2368 2034 2412; x_wconf 84' lang='lat' dir='ltr'><strong>inest.</strong></span> 
     </span>
     <span class='ocr_line' id='line_1_32' title="bbox 485 2436 2037 2492; baseline 0.002 -14"><span class='ocrx_word' id='word_1_290' title='bbox 485 2436 574 2479; x_wconf 89' lang='lat' dir='ltr'><strong>Sed</strong></span> <span class='ocrx_word' id='word_1_291' title='bbox 605 2436 782 2479; x_wconf 88' lang='lat' dir='ltr'><strong>dicendi</strong></span> <span class='ocrx_word' id='word_1_292' title='bbox 812 2449 951 2491; x_wconf 84' lang='lat' dir='ltr'><strong>genus</strong></span> <span class='ocrx_word' id='word_1_293' title='bbox 984 2436 1288 2491; x_wconf 87' lang='lat' dir='ltr'><strong>suspicionem</strong></span> <span class='ocrx_word' id='word_1_294' title='bbox 1318 2438 1480 2479; x_wconf 86' lang='lat' dir='ltr'><strong>movet.</strong></span> <span class='ocrx_word' id='word_1_295' title='bbox 1538 2436 1602 2479; x_wconf 89' lang='lat' dir='ltr'><strong>Ac</strong></span> <span class='ocrx_word' id='word_1_296' title='bbox 1631 2436 1827 2491; x_wconf 90' lang='lat' dir='ltr'><strong>primum</strong></span> <span class='ocrx_word' id='word_1_297' title='bbox 1856 2437 2037 2492; x_wconf 86' lang='lat' dir='ltr'><strong>quidem</strong></span> 
     </span>
     <span class='ocr_line' id='line_1_33' title="bbox 486 2502 2033 2561; baseline 0.002 -15"><span class='ocrx_word' id='word_1_298' title='bbox 486 2506 749 2548; x_wconf 88' lang='lat' dir='ltr'><strong>vocabulum</strong></span> <span class='ocrx_word' id='word_1_299' title='bbox 788 2502 849 2547; x_wconf 86' lang='grc' dir='ltr'><strong>ὅτι</strong></span> <span class='ocrx_word' id='word_1_300' title='bbox 886 2519 928 2560; x_wconf 92' lang='lat' dir='ltr'><strong>p.</strong></span> <span class='ocrx_word' id='word_1_301' title='bbox 961 2506 1029 2558; x_wconf 88' lang='lat'><strong>33,</strong></span> <span class='ocrx_word' id='word_1_302' title='bbox 1071 2506 1124 2548; x_wconf 92' lang='lat'><strong>10</strong></span> <span class='ocrx_word' id='word_1_303' title='bbox 1154 2505 1204 2548; x_wconf 91' lang='lat' dir='ltr'><strong>G.</strong></span> <span class='ocrx_word' id='word_1_304' title='bbox 1241 2505 1327 2559; x_wconf 92' lang='lat'><strong>(18,</strong></span> <span class='ocrx_word' id='word_1_305' title='bbox 1362 2505 1413 2548; x_wconf 88' lang='lat'><strong>16</strong></span> <span class='ocrx_word' id='word_1_306' title='bbox 1443 2505 1531 2559; x_wconf 92' lang='lat' dir='ltr'><strong>W.)</strong></span> <span class='ocrx_word' id='word_1_307' title='bbox 1561 2508 1666 2560; x_wconf 88' lang='lat' dir='ltr'><strong>post</strong></span> <span class='ocrx_word' id='word_1_308' title='bbox 1694 2503 1723 2561; x_wconf 83' lang='grc' dir='ltr'>ἤ</span> <span class='ocrx_word' id='word_1_309' title='bbox 1752 2519 1794 2560; x_wconf 91' lang='lat' dir='ltr'><strong>p.</strong></span> <span class='ocrx_word' id='word_1_310' title='bbox 1825 2505 1895 2557; x_wconf 80' lang='lat'><strong>33,</strong></span> <span class='ocrx_word' id='word_1_311' title='bbox 1925 2506 1954 2548; x_wconf 93' lang='grc'>8</span> <span class='ocrx_word' id='word_1_312' title='bbox 1982 2506 2033 2550; x_wconf 87' lang='lat' dir='ltr'><strong>G.</strong></span> 
     </span>
     <span class='ocr_line' id='line_1_34' title="bbox 486 2573 2038 2630; baseline 0.002 -14"><span class='ocrx_word' id='word_1_313' title='bbox 486 2575 572 2627; x_wconf 90' lang='lat'><strong>(18,</strong></span> <span class='ocrx_word' id='word_1_314' title='bbox 606 2574 658 2616; x_wconf 90' lang='lat'><strong>14</strong></span> <span class='ocrx_word' id='word_1_315' title='bbox 687 2574 775 2628; x_wconf 95' lang='lat' dir='ltr'><strong>W.)</strong></span> <span class='ocrx_word' id='word_1_316' title='bbox 821 2574 982 2617; x_wconf 90' lang='lat' dir='ltr'><strong>mirum</strong></span> <span class='ocrx_word' id='word_1_317' title='bbox 1029 2577 1117 2624; x_wconf 89' lang='lat' dir='ltr'><strong>est,</strong></span> <span class='ocrx_word' id='word_1_318' title='bbox 1161 2577 1256 2617; x_wconf 86' lang='lat' dir='ltr'><strong>tum</strong></span> <span class='ocrx_word' id='word_1_319' title='bbox 1294 2574 1582 2626; x_wconf 88' lang='lat' dir='ltr'><strong>locutionem,</strong></span> <span class='ocrx_word' id='word_1_320' title='bbox 1627 2587 1740 2630; x_wconf 85' lang='lat' dir='ltr'><strong>quae</strong></span> <span class='ocrx_word' id='word_1_321' title='bbox 1779 2573 1939 2618; x_wconf 88' lang='lat' dir='ltr'><strong>similis</strong></span> <span class='ocrx_word' id='word_1_322' title='bbox 1978 2575 2038 2619; x_wconf 87' lang='lat' dir='ltr'><strong>sit</strong></span> 
     </span>
     <span class='ocr_line' id='line_1_35' title="bbox 486 2640 2034 2702; baseline 0.001 -17"><span class='ocrx_word' id='word_1_323' title='bbox 486 2642 633 2686; x_wconf 89' lang='lat' dir='ltr'><strong>verbis</strong></span> <span class='ocrx_word' id='word_1_324' title='bbox 679 2642 803 2698; x_wconf 81' lang='grc' dir='ltr'>μετὰ</span> <span class='ocrx_word' id='word_1_325' title='bbox 846 2647 927 2686; x_wconf 85' lang='grc' dir='ltr'><strong>τῶν</strong></span> <span class='ocrx_word' id='word_1_326' title='bbox 970 2641 1227 2701; x_wconf 81' lang='grc' dir='ltr'>δισυλλάβων</span> <span class='ocrx_word' id='word_1_327' title='bbox 1273 2676 1282 2685; x_wconf 92' lang='grc'><strong>.</strong></span> <span class='ocrx_word' id='word_1_328' title='bbox 1316 2676 1325 2685; x_wconf 95' lang='grc'><strong>.</strong></span> <span class='ocrx_word' id='word_1_329' title='bbox 1357 2677 1366 2686; x_wconf 96' lang='grc'><strong><em>.</em></strong></span> <span class='ocrx_word' id='word_1_330' title='bbox 1407 2642 1575 2699; x_wconf 77' lang='grc' dir='ltr'>δέχεται</span> <span class='ocrx_word' id='word_1_331' title='bbox 1617 2643 1692 2685; x_wconf 76' lang='grc' dir='ltr'><strong>καὶ</strong></span> <span class='ocrx_word' id='word_1_332' title='bbox 1727 2640 2034 2702; x_wconf 74' lang='grc' dir='ltr'>τρισυλλάβως,</span> 
     </span>
     <span class='ocr_line' id='line_1_36' title="bbox 486 2712 2036 2768; baseline 0.003 -15"><span class='ocrx_word' id='word_1_333' title='bbox 486 2714 529 2754; x_wconf 89' lang='lat' dir='ltr'><strong>in</strong></span> <span class='ocrx_word' id='word_1_334' title='bbox 554 2712 801 2755; x_wconf 88' lang='lat' dir='ltr'><strong>enchiridio</strong></span> <span class='ocrx_word' id='word_1_335' title='bbox 822 2712 989 2755; x_wconf 84' lang='lat' dir='ltr'><strong>frustra</strong></span> <span class='ocrx_word' id='word_1_336' title='bbox 1009 2726 1211 2768; x_wconf 84' lang='lat' dir='ltr'><strong>quaeras,</strong></span> <span class='ocrx_word' id='word_1_337' title='bbox 1242 2713 1433 2768; x_wconf 88' lang='lat' dir='ltr'><strong>denique</strong></span> <span class='ocrx_word' id='word_1_338' title='bbox 1454 2725 1547 2755; x_wconf 92' lang='lat' dir='ltr'><strong>non</strong></span> <span class='ocrx_word' id='word_1_339' title='bbox 1575 2712 1814 2756; x_wconf 88' lang='lat' dir='ltr'><strong>mediocris</strong></span> <span class='ocrx_word' id='word_1_340' title='bbox 1845 2712 2036 2757; x_wconf 76' lang='lat' dir='ltr'><strong>offensio</strong></span> 
     </span>
    </p>
   </div>
   <div class='ocr_carea' id='block_1_4' title="bbox 484 2792 753 2799">
    <p class='ocr_par' dir='ltr' id='par_1_12' title="bbox 484 2792 753 2799">
     <span class='ocr_line' id='line_1_37' title="bbox 484 2792 753 2799; baseline 0 639"><span class='ocrx_word' id='word_1_341' title='bbox 484 2792 753 2799; x_wconf 95' lang='lat' dir='ltr'><strong> </strong></span> 
     </span>
    </p>
   </div>
   <div class='ocr_carea' id='block_1_5' title="bbox 483 2825 2036 3049">
    <p class='ocr_par' dir='ltr' id='par_1_13' title="bbox 483 2825 2036 2989">
     <span class='ocr_line' id='line_1_38' title="bbox 604 2825 2036 2874; baseline 0.002 -13"><span class='ocrx_word' id='word_1_342' title='bbox 604 2825 629 2871; x_wconf 88' lang='lat'><strong>¹)</strong></span> <span class='ocrx_word' id='word_1_343' title='bbox 656 2826 700 2861; x_wconf 81' lang='lat' dir='ltr'><strong>cf.</strong></span> <span class='ocrx_word' id='word_1_344' title='bbox 733 2827 850 2863; x_wconf 85' lang='lat' dir='ltr'><strong>Anon.</strong></span> <span class='ocrx_word' id='word_1_345' title='bbox 881 2828 1050 2864; x_wconf 88' lang='lat' dir='ltr'><strong>Ambros.</strong></span> <span class='ocrx_word' id='word_1_346' title='bbox 1082 2828 1119 2863; x_wconf 92' lang='lat' dir='ltr'><strong>in</strong></span> <span class='ocrx_word' id='word_1_347' title='bbox 1151 2828 1394 2864; x_wconf 87' lang='lat' dir='ltr'><strong>Studemundi</strong></span> <span class='ocrx_word' id='word_1_348' title='bbox 1422 2827 1491 2863; x_wconf 84' lang='lat' dir='ltr'><strong>An.</strong></span> <span class='ocrx_word' id='word_1_349' title='bbox 1523 2838 1598 2863; x_wconf 81' lang='lat' dir='ltr'><strong>var.</strong></span> <span class='ocrx_word' id='word_1_350' title='bbox 1623 2827 1639 2863; x_wconf 92' lang='grc' dir='ltr'>Ι</span> <span class='ocrx_word' id='word_1_351' title='bbox 1673 2838 1707 2873; x_wconf 91' lang='lat' dir='ltr'><strong>p.</strong></span> <span class='ocrx_word' id='word_1_352' title='bbox 1732 2827 1812 2868; x_wconf 80' lang='lat'><strong>213.</strong></span> <span class='ocrx_word' id='word_1_353' title='bbox 1837 2828 1860 2863; x_wconf 87' lang='grc'>9</span> <span class='ocrx_word' id='word_1_354' title='bbox 1890 2838 1973 2874; x_wconf 86' lang='lat' dir='ltr'><strong>sqq.</strong></span> <span class='ocrx_word' id='word_1_355' title='bbox 1998 2831 2036 2864; x_wconf 81' lang='lat' dir='ltr'><strong>et</strong></span> 
     </span>
     <span class='ocr_line' id='line_1_39' title="bbox 483 2884 2034 2930; baseline 0.003 -13"><span class='ocrx_word' id='word_1_356' title='bbox 483 2884 562 2923; x_wconf 73' lang='grc'>214,</span> <span class='ocrx_word' id='word_1_357' title='bbox 589 2884 609 2917; x_wconf 87' lang='grc'>6</span> <span class='ocrx_word' id='word_1_358' title='bbox 635 2896 733 2930; x_wconf 87' lang='lat' dir='ltr'><strong>sqq.;</strong></span> <span class='ocrx_word' id='word_1_359' title='bbox 759 2886 842 2921; x_wconf 77' lang='lat' dir='ltr'><strong>vide</strong></span> <span class='ocrx_word' id='word_1_360' title='bbox 868 2886 978 2922; x_wconf 85' lang='lat' dir='ltr'><strong>etiam</strong></span> <span class='ocrx_word' id='word_1_361' title='bbox 1002 2887 1093 2922; x_wconf 92' lang='lat' dir='ltr'><strong>Lud.</strong></span> <span class='ocrx_word' id='word_1_362' title='bbox 1119 2887 1225 2922; x_wconf 83' lang='lat' dir='ltr'><strong>Voltz</strong></span> <span class='ocrx_word' id='word_1_363' title='bbox 1249 2886 1287 2922; x_wconf 92' lang='lat' dir='ltr'><strong>in</strong></span> <span class='ocrx_word' id='word_1_364' title='bbox 1312 2889 1545 2922; x_wconf 85' lang='lat' dir='ltr'><strong>commentat.</strong></span> <span class='ocrx_word' id='word_1_365' title='bbox 1576 2885 1614 2921; x_wconf 90' lang='lat' dir='ltr'><strong>in</strong></span> <span class='ocrx_word' id='word_1_366' title='bbox 1638 2885 1768 2921; x_wconf 89' lang='lat' dir='ltr'><strong>honor.</strong></span> <span class='ocrx_word' id='word_1_367' title='bbox 1794 2884 1887 2921; x_wconf 88' lang='lat' dir='ltr'><strong>Guil.</strong></span> <span class='ocrx_word' id='word_1_368' title='bbox 1906 2885 2034 2922; x_wconf 84' lang='lat' dir='ltr'><strong>Stude-</strong></span> 
     </span>
     <span class='ocr_line' id='line_1_40' title="bbox 485 2942 1360 2989; baseline 0.003 -13"><span class='ocrx_word' id='word_1_369' title='bbox 485 2942 598 2977; x_wconf 90' lang='lat' dir='ltr'><strong>mund</strong></span> <span class='ocrx_word' id='word_1_370' title='bbox 623 2942 870 2988; x_wconf 84' lang='lat' dir='ltr'><strong>(Argentorati</strong></span> <span class='ocrx_word' id='word_1_371' title='bbox 897 2943 998 2989; x_wconf 92' lang='grc'>1889)</span> <span class='ocrx_word' id='word_1_372' title='bbox 1022 2955 1057 2989; x_wconf 93' lang='lat' dir='ltr'><strong>p.</strong></span> <span class='ocrx_word' id='word_1_373' title='bbox 1082 2944 1129 2978; x_wconf 72' lang='lat'><strong>1⁴0</strong></span> <span class='ocrx_word' id='word_1_374' title='bbox 1153 2947 1189 2979; x_wconf 89' lang='lat' dir='ltr'><strong>et</strong></span> <span class='ocrx_word' id='word_1_375' title='bbox 1212 2943 1360 2979; x_wconf 87' lang='lat'><strong>85—88.</strong></span> 
     </span>
    </p>

    <p class='ocr_par' dir='ltr' id='par_1_14' title="bbox 597 2999 1743 3049">
     <span class='ocr_line' id='line_1_41' title="bbox 597 2999 1743 3049; baseline 0.001 -14"><span class='ocrx_word' id='word_1_376' title='bbox 597 2999 626 3043; x_wconf 76' lang='lat'><strong>²)</strong></span> <span class='ocrx_word' id='word_1_377' title='bbox 659 2999 694 3035; x_wconf 90' lang='lat' dir='ltr'><em>U</em></span> <span class='ocrx_word' id='word_1_378' title='bbox 716 3011 759 3037; x_wconf 86' lang='lat' dir='ltr'><strong>ea</strong></span> <span class='ocrx_word' id='word_1_379' title='bbox 784 3002 830 3036; x_wconf 94' lang='lat' dir='ltr'><strong>de</strong></span> <span class='ocrx_word' id='word_1_380' title='bbox 855 3001 989 3049; x_wconf 85' lang='lat' dir='ltr'><strong>quibus</strong></span> <span class='ocrx_word' id='word_1_381' title='bbox 1014 3002 1134 3047; x_wconf 75' lang='lat' dir='ltr'><strong>agitur</strong></span> <span class='ocrx_word' id='word_1_382' title='bbox 1157 3001 1270 3037; x_wconf 85' lang='lat' dir='ltr'><strong>verba</strong></span> <span class='ocrx_word' id='word_1_383' title='bbox 1297 3001 1430 3037; x_wconf 87' lang='lat' dir='ltr'><strong>omittit</strong></span> <span class='ocrx_word' id='word_1_384' title='bbox 1453 3013 1488 3047; x_wconf 91' lang='lat' dir='ltr'><strong>p.</strong></span> <span class='ocrx_word' id='word_1_385' title='bbox 1513 3002 1569 3042; x_wconf 86' lang='grc'>69,</span> <span class='ocrx_word' id='word_1_386' title='bbox 1598 3001 1743 3036; x_wconf 75' lang='lat'><strong>19—21.</strong></span> 
     </span>
    </p>
   </div>
  </div>
 </body>
</html>
