2196 3438
1227 308 1255 349 6
1329 368 1370 372 ῳ-

464 449 648 501 propter
687 446 1009 501 neglegentiam
1050 446 1105 490 de
1145 460 1226 490 suo
1258 447 1328 490 vix
1362 447 1603 503 quidquam
1632 448 1919 505 perpurgavit
1946 447 2016 492 vel

464 515 662 567 mutavit,
709 516 794 558 uisi
841 516 960 571 quod
1007 515 1282 559 scholiorum
1328 516 1727 561 describendorum
1774 518 1820 562 in
1865 517 2015 562 medio

465 585 608 640 capite
654 585 827 628 decimo
873 586 1006 629 tinem
1053 585 1176 630 fecit.
1251 585 1474 638 Quoniam
1520 586 1566 628 in
1610 589 1706 630 tota
1749 587 1833 630 hac
1882 585 2017 631 classi

465 654 637 697 scholia
675 654 698 711 β
737 655 1062 710 abrumpuntur
1098 654 1143 698 in
1183 655 1331 698 medio
1371 654 1566 711 quodam
1605 655 1836 699 enuntiato
1865 655 2015 700 verbis

464 721 688 774 ἀποθέσεις
731 723 778 765 δὲ
820 726 901 766 τῶν
944 722 1204 766 δακτυλικῶν
1245 738 1288 779 p.
1323 724 1389 777 13,
1421 725 1446 767 3
1477 724 1564 778 (ed.
1595 724 2015 781 Hoerschelmann)‚

465 791 626 848 quibus
656 792 803 836 verbis
836 792 881 835 in
912 791 951 834 A
985 793 1116 836 simul
1148 793 1302 836 solium
1333 794 1418 837 91v
1444 793 1607 846 finitur,
1639 806 1721 837 suo
1743 793 1839 838 iure
1853 793 2015 838 Stude-

467 860 659 903 mundus
704 861 733 904 l.
764 873 800 904 c.
838 875 879 916 p.
916 862 996 904 106
1036 862 1289 917 suspicatus
1330 866 1400 906 est
1428 862 1777 907 Ambrosianum
1817 862 2018 907 codicem

468 932 543 973 aut
587 929 735 984 ipsum
781 930 911 973 huius
969 930 1128 973 classis
1174 931 1462 987 archetypum
1515 945 1616 975 esse
1660 934 1737 975 aut
1780 931 2018 987 gemellum

466 998 693 1054 archetypi
746 1001 823 1042 aut
874 999 1132 1043 fidelissime
1186 1002 1361 1044 servata
1412 1000 1676 1056 paginarum
1723 1012 2020 1057 versuumque

467 1066 687 1110 divisione
726 1072 781 1111 ex
818 1068 1060 1125 archetypo
1100 1069 1395 1125 descriptum;
1434 1070 1542 1113 mihi
1581 1071 1692 1113 haec
1731 1082 1871 1114 causa
1908 1069 2019 1114 satis

467 1136 705 1192 singularis
727 1139 860 1193 atque
880 1137 1027 1193 gravis
1047 1137 1234 1191 videtur,
1262 1141 1311 1182 ut
1332 1139 1533 1183 codicem
1562 1138 1602 1181 A
1633 1138 1834 1183 omnium
1864 1149 2019 1183 eorum

467 1204 684 1258 codicum,
730 1205 776 1249 in
821 1206 982 1262 quibus
1021 1207 1193 1251 scholia
1224 1207 1248 1265 β
1285 1208 1434 1251 verbis
1475 1221 1610 1263 supra
1651 1207 1856 1252 excitatis
1886 1219 2016 1264 prae-

468 1273 688 1327 ciduntur,
721 1288 823 1319 esse
851 1276 1140 1333 archetypum
1178 1290 1261 1332 pro
1293 1279 1415 1320 certo
1446 1277 1677 1321 affirmem.
1735 1276 2020 1333 Descriptum

469 1357 569 1387 esse
607 1344 809 1388 codicem
838 1343 879 1387 A
915 1345 984 1388 vel
1025 1345 1120 1389 eius
1158 1346 1447 1401 archetypum
1492 1359 1546 1389 ex
1577 1346 1731 1390 codice
1761 1345 2021 1390 maiusculis

467 1413 627 1456 litteris
674 1415 858 1457 exarato
905 1414 1103 1458 ostendit
1133 1414 1414 1458 Studemund
1453 1415 1480 1458 l.
1514 1428 1549 1458 c.
1588 1429 1632 1470 p.
1675 1415 1769 1468 110,
1810 1414 1932 1459 unde
1974 1413 2023 1459 id

469 1495 643 1538 quoque
689 1483 1002 1538 explicandum
1048 1486 1129 1536 est,
1175 1484 1296 1540 quod
1340 1498 1381 1539 p.
1414 1485 1468 1527 VI
1498 1486 1524 1528 2
1568 1497 1650 1539 pro
1694 1482 1876 1541 γίνονται
1904 1483 1952 1527 in
1979 1482 2023 1527 A

468 1552 587 1594 inest
614 1550 801 1595 τίνονται.
863 1552 1006 1605 Quam
1036 1553 1226 1597 fideliter
1254 1551 1294 1595 A
1324 1553 1550 1609 archetypi
1572 1556 1740 1597 tractus
1767 1552 2023 1605 servaverit,

468 1620 694 1664 luculento
740 1621 944 1676 exemplo
989 1621 1227 1665 illustravit
1276 1622 1555 1666 Studemund
1599 1636 1642 1677 p.
1685 1622 1778 1675 110,
1824 1633 1925 1665 cum
1968 1633 2024 1665 ex

470 1689 639 1733 codicis
668 1688 709 1732 A
739 1690 915 1743 litteris,
946 1704 1059 1746 quae
1090 1694 1195 1734 sunt
1225 1690 1429 1748 μελιωπαι
1466 1704 1509 1746 p.
1540 1691 1594 1734 VI
1627 1691 1667 1743 5,
1707 1703 1859 1734 veram
1894 1689 2022 1734 lecti-

471 1771 605 1802 onem
657 1758 796 1803 fuisse
847 1760 921 1817 μὲν
976 1758 1073 1802 ὦσιν
1116 1759 1480 1815 ingeniosissime
1526 1760 1825 1807 concluderet.
1898 1758 2024 1803 Gais-

471 1827 641 1871 fordius
684 1841 727 1884 p.
776 1829 870 1881 117,
915 1829 941 1871 5
987 1842 1053 1884 sq.
1104 1829 1291 1884 praebet
1328 1828 1375 1871 in
1426 1830 1551 1872 textu
1606 1829 1743 1872 verba
1788 1826 2022 1886 μελοποιΐαι

470 1894 609 1953 ὅμοιαι
660 1895 778 1952 ὦσιν,
830 1897 991 1952 quibus
1037 1897 1158 1953 quod
1202 1898 1370 1941 nullam
1421 1897 1624 1941 codicum
1675 1896 2024 1953 discrepantiam

473 1965 715 2018 subiunxit,
744 1966 874 2009 valde
904 1966 1147 2010 dolendum
1178 1969 1258 2010 est.
1319 1967 1368 2009 In
1390 1965 1440 2008 K
1464 1966 1582 2010 idem
1612 1969 1707 2010 erat
1736 1969 1870 2022 atque
1899 1965 1947 2009 in
1967 1964 2022 2019 A,

473 2035 553 2078 scd
584 2048 740 2078 rasura
769 2035 887 2079 facta
907 2034 975 2078 K’
1004 2035 1242 2078 deterioris
1274 2038 1408 2078 notae
1441 2035 1594 2078 codice
1623 2049 1732 2079 usus
1763 2035 2022 2091 depravavit

474 2104 518 2146 in
550 2102 803 2160 μελωποιΐαι.
863 2105 954 2148 Iam
987 2105 1164 2148 saeculo
1195 2105 1291 2147 XIV
1322 2105 1367 2146 in
1398 2102 1438 2146 A
1467 2104 1662 2159 perierat
1690 2117 1830 2147 unum
1850 2103 2021 2156 folium,

474 2187 560 2228 quo
599 2173 705 2216 olim
744 2174 1089 2217 continebantur
1126 2174 1261 2217 verba
1297 2187 1338 2228 p.
1370 2173 1465 2216 XVI
1501 2174 1525 2216 7
1573 2172 1733 2230 (ξαμεν)
1770 2197 1826 2205 -
1862 2171 1962 2216 XIX
2001 2173 2020 2216 1

473 2240 643 2298 (ὅμοια).

586 2311 763 2354 Etenim
795 2311 868 2367 qui
900 2325 1014 2355 saec.
1046 2312 1141 2354 XIV
1171 2324 1225 2354 ex
1246 2310 1286 2353 A
1317 2311 1568 2367 descriptus
1600 2313 1669 2354 est
1700 2310 1797 2353 cod.
1827 2308 1879 2352 K
1899 2309 2024 2353 nullo

473 2381 660 2423 lacunae
690 2380 818 2435 signo
849 2380 1001 2423 addito
1031 2380 1168 2423 verba
1198 2380 1274 2423 illa
1303 2380 1468 2423 omisit.
1526 2380 1732 2423 Praestat
1753 2377 1804 2421 K
1826 2392 1881 2422 eo
1912 2378 2024 2431 solo,

476 2450 608 2505 quod,
639 2450 713 2492 ubi
746 2450 792 2492 in
822 2448 862 2491 A
892 2450 1042 2505 aliqua
1071 2463 1098 2493 a
1127 2450 1383 2504 bibliopega
1421 2452 1497 2492 aut
1538 2449 1692 2492 charta
1730 2447 1907 2491 novicia
1944 2447 2024 2490 ob·

477 2519 609 2561 ducta
638 2522 714 2561 aut
745 2519 928 2561 omnino
961 2521 1133 2562 resecta
1164 2521 1281 2571 sunt,
1314 2519 1359 2561 id
1390 2519 1509 2574 quod
1539 2531 1633 2561 non
1653 2530 1756 2561 raro
1785 2528 1871 2560 usu
1889 2517 2024 2569 venit,

477 2601 530 2630 ex
563 2587 612 2629 K
636 2587 844 2641 colligere
874 2601 1129 2642 possumus,
1162 2601 1275 2643 quae
1306 2587 1413 2630 olim
1444 2587 1491 2629 in
1521 2586 1562 2628 A
1593 2586 1757 2641 scripta
1787 2579 1978 2628 fuerint.¹

596 2656 661 2699 Ex
692 2655 742 2697 K
780 2657 1030 2711 descriptus
1076 2660 1144 2700 est
1190 2656 1331 2699 codex
1363 2654 1398 2698 S
1424 2659 1518 2699 tum
1549 2656 1743 2707 demum,
1786 2656 2026 2709 postquam

479 2723 528 2766 K
554 2727 641 2769 iam
673 2725 859 2768 alteram
890 2739 1071 2768 manum
1103 2725 1415 2769 correctricem
1446 2723 1525 2777 ΚΒ,
1557 2724 1613 2767 de
1643 2736 1730 2779 qua
1758 2722 1859 2766 vide
1889 2735 2025 2778 supra

480 2807 521 2847 p.
552 2795 591 2846 2,
623 2797 831 2849 expertus
863 2797 944 2837 est.

595 2865 659 2906 De
691 2863 894 2906 codicum
925 2877 947 2904 c
978 2866 1020 2905 et
1042 2861 1087 2904 P
1113 2876 1212 2905 cum
1233 2861 1274 2904 A
1295 2862 1562 2916 cognatione
1581 2861 1784 2916 pluribus
1800 2860 2026 2904 disserere

484 2933 768 2990 supersedeO,
800 2932 905 2974 dum
941 2932 1382 2975 Hoerschelmannus
1420 2944 1578 2974 omnes
1617 2943 1771 2973 eorum
1808 2928 2026 2972 lectiones

481 3002 644 3061 publici
677 3001 793 3043 iures
828 3000 993 3043 fecerit.
1043 3000 1225 3054 Negavit
1246 3001 1365 3043 enim
1397 3000 1469 3042 ille
1498 2999 1567 3042 vir
1595 2998 1754 3042 doctus
1776 2997 1853 3041 GA
1871 3011 1914 3053 p.
1941 2998 2026 3042 596
