2196 3438
922 334 973 377 17

29 424 39 443 ι
123 470 126 474 ’
171 471 605 523 &Parma-eante
633 470 784 516 Hense
821 471 868 526 (l.
899 485 936 516 c.
974 485 1018 527 p.
1052 473 1151 527 155)
1187 485 1242 516 ex
1281 486 1348 526 eo,
1388 474 1509 529 quod
1546 474 1618 518 hic
1657 475 1723 518 di-

169 541 295 587 nato
308 539 655 585 Choeroboscus
675 540 917 597 genuinum
937 554 1038 585 esse
1058 541 1409 597 Hephaestionis
1429 543 1724 587 enchiridium

167 610 373 663 Utatur,
402 609 624 654 conclusit
644 623 692 654 re
710 622 817 655 vera
845 613 923 655 aut
950 612 1095 654 totum
1127 611 1426 656 enchiridium
1455 615 1533 656 aut
1563 613 1721 656 saltem

167 677 289 725 hnc
314 677 386 730 vel
415 678 538 723 illam
568 678 688 723 illius
716 681 890 735 partem
922 693 949 723 a
978 680 1209 724 nonnullis
1238 681 1563 736 Hephaestioni
1583 681 1721 726 fuisse

168 746 439 797 Monta.
495 748 607 792 Nam
640 748 1008 793 Choerohoscum
1045 750 1156 794 haec
1193 763 1287 794 non
1326 751 1580 807 suspicione
1618 752 1724 796 duc·

167 816 527 870 tun-addidisse,
558 818 639 862 sed
667 831 726 861 ne
759 818 867 874 quid
887 818 1098 863 omisisse
1116 819 1355 873 videretur,
1385 820 1455 864 vel
1485 820 1590 864 inde
1618 834 1724 876 pro-

28 851 47 946 ,Ἴ
141 876 317 932 ‘mile
350 885 414 939 nt,
450 885 570 942 quod
609 885 667 929 ab
704 886 914 930 omnibus
952 886 1273 942 interpretibus
1314 888 1609 933 enchiridium
1638 903 1721 945 pro

166 962 382 1011 mano
423 954 773 1011 Hephaestionis
819 955 936 999 libro
982 956 1188 1000 habitum
1231 970 1332 1000 esse
1375 958 1565 1012 profert3
1609 972 1723 1014 quae

167 1022 394 1069 sententia
428 1036 617 1079 prorsus
654 1025 713 1068 ad
749 1024 967 1080 liquidum
1004 1025 1262 1080 perducitur
1301 1026 1474 1070 scholio
1513 1028 1719 1083 quodam,

167 1092 519 1150 qnod—Dionysii
549 1093 739 1136 Thracis
779 1094 863 1137 arti
902 1094 1130 1149 appictum
1168 1097 1250 1148 est,
1288 1099 1507 1151 respecto,
1543 1096 1590 1139 in
1634 1110 1721 1152 quo

165 1163 486 1214 autumatur
525 1161 580 1206 τὰ
623 1161 730 1206 ἑπτὰ
772 1162 1008 1220 κεφάλαια,
1054 1164 1110 1207 de
1155 1165 1315 1220 quibus
1360 1165 1406 1208 in
1450 1179 1722 1222 unoquoque

167 1230 389 1295 lawe
425 1232 663 1276 tractando
700 1233 903 1288 magistri
933 1233 1168 1288 Byzantini
1203 1247 1498 1289 praemonere
1529 1247 1720 1278 consue-

162 1302 336 1352 mni,
409 1301 574 1345 Omnia
618 1305 812 1356 septem,
858 1302 903 1345 in
949 1303 1110 1358 quibus
1156 1304 1358 1358 quaestio
1404 1317 1540 1359 supra
1584 1303 1722 1360 signi-

164 1369 310 1423 acub,
352 1370 472 1426 apud
517 1370 885 1415 Choeroboscum
920 1372 1128 1423 redeunt;
1172 1372 1274 1415 vide
1319 1373 1459 1416 schol.
1504 1373 1551 1416 in
1587 1373 1718 1417 Dion.

164 1438 329 1485 Thne-
374 1438 424 1483 in
463 1439 634 1484 Anecd.
677 1454 822 1495 graec.
878 1441 948 1485 ed.
993 1442 1119 1484 Imm.
1165 1442 1335 1485 Bekker
1378 1443 1544 1497 (Berol.
1593 1443 1719 1498 1816)

163 1508 252 1553 vol.
288 1507 326 1552 11
360 1521 405 1564 p.
443 1508 541 1562 671,
584 1510 636 1552 18
674 1523 771 1565 sqq.
829 1508 1076 1567 ζητήσωμεν
1110 1509 1164 1553 τὰ
1200 1509 1305 1554 ἑπτὰ
1340 1510 1564 1568 κεφάλαια,
1609 1509 1720 1568 λέγω

165 1574 224 1635 δὴ
253 1575 328 1623 *ab
353 1576 515 1622 σκοπόν
543 1578 617 1633 (cf.
649 1578 812 1623 Choer.
841 1593 884 1635 p.
916 1579 984 1632 33,
1014 1580 1114 1623 2—
1131 1579 1199 1633 35,
1229 1581 1288 1636 6),
1324 1578 1372 1623 τὸ
1400 1578 1609 1637 χρήσιμον
1645 1581 1718 1634 (cf.

164 1643 328 1692 Ghoer.
370 1659 415 1702 p.
458 1646 528 1699 35,
574 1647 746 1702 7—8),
787 1645 863 1703 τὴν
899 1646 1031 1691 αἰτίαν
1065 1651 1139 1704 τῆς
1179 1648 1411 1706 ἐπιγραφῆς
1448 1649 1522 1703 (cf.
1554 1649 1716 1693 Choer.

161 1714 306 1770 puali,
339 1714 550 1770 14-24)‚
587 1714 633 1758 τὸ
671 1715 840 1773 γνήσιον
877 1717 950 1771 (cf.
983 1717 1144 1760 Choer.
1182 1731 1225 1773 p.
1257 1719 1326 1771 35,
1357 1718 1529 1773 9—13)‚
1559 1716 1635 1774 τήν
1664 1718 1720 1770 εἰς

162 1781 219 1827 τὰ
250 1781 464 1840 κεφάλαια
499 1783 694 1840 διαίρεσιν
731 1785 803 1839 (cf.
845 1785 1007 1829 Choer.
1046 1800 1089 1841 p.
1122 1787 1190 1838 35,
1228 1787 1457 1842 25—34),
1501 1785 1577 1843 τήν
1610 1786 1720 1839 τάξιν

161 1851 238 1908 (ci.
273 1851 437 1897 Choer.
472 1866 516 1908 p.
554 1853 624 1906 36,
658 1854 753 1896 1-
771 1855 841 1909 12)
879 1855 952 1896 ml
989 1852 1035 1897 τὸ
1075 1852 1154 1897 ὑπὸ
1184 1854 1223 1897 τί
1252 1853 1448 1911 ἀνάγεται
1475 1855 1523 1898 τὸ
1552 1855 1719 1912 προκεί-

163 1932 288 1979 W
315 1919 471 1979 βιβλίον
499 1921 571 1975 (cf.
602 1922 763 1966 Choer.
793 1937 837 1978 p.
868 1924 937 1975 36,
972 1924 1170 1978 13-18).

277 1989 396 2045 Ergo
410 1992 560 2034 utrum
575 2004 657 2046 pro
673 1992 879 2047 genuinis
896 1992 1038 2035 habiti
1055 1992 1147 2035 sint
1163 1993 1471 2036 commentarii
1489 2006 1646 2046 necne,
1664 2007 1719 2037 ex

163 2057 239 2103 lus
262 2058 570 2103 Ghoerobosci
596 2060 745 2103 verbis
774 2073 867 2104 non
888 2061 1117 2113 discimus,
1137 2075 1290 2105 verum
1312 2061 1503 2105 dilucide
1525 2076 1579 2106 ex
1599 2062 1718 2106 illius

163 2127 446 2172 enarratione
461 2128 788 2183 cognoscimus,
797 2130 927 2184 quale
937 2130 1115 2173 saeculo
1124 2144 1167 2186 p.
1179 2130 1283 2173 Chr.
1295 2143 1338 2174 n.
1349 2133 1476 2174 sexto
1493 2131 1540 2173 in
1551 2132 1718 2175 scholis

164 2195 423 2252 Byzantinis
453 2197 801 2252 Hephaestionis
825 2198 1123 2242 enchiridium
1147 2200 1431 2242 circumferre
1462 2200 1582 2243 soliti
1614 2201 1717 2244 sint.

277 2265 478 2309 Primum
522 2266 702 2322 quidem
748 2266 1068 2311 Choerobosco
1113 2268 1171 2312 ad
1214 2281 1396 2312 manum
1442 2268 1523 2312 fuit
1568 2269 1714 2324 ipsum

164 2333 476 2387 enchiridium,
525 2349 553 2378 a
601 2349 689 2391 quo
735 2336 920 2380 omnino
966 2338 1061 2393 περὶ
1103 2335 1334 2395 ποιήματος
1383 2338 1714 2382 enarrationem

162 2402 332 2448 afuisse
381 2403 468 2447 hoc
518 2404 690 2448 scholio
739 2405 787 2448 fit
835 2405 1226 2459 verisimillimum,
1276 2420 1376 2449 cum
1438 2406 1718 2451 discernatur

162 2471 340 2518 libellus
376 2473 471 2529 περὶ
506 2471 737 2531 ποιήματος
774 2474 903 2529 quasi
940 2475 1081 2530 ἕτερον
1116 2473 1284 2532 πόνημα
1322 2489 1349 2518 a
1379 2475 1493 2519 libro
1522 2477 1616 2532 περὶ
1646 2475 1717 2533 μὲ-

162 2541 304 2599 ‘rpem‘
348 2542 570 2586 Eximitur
606 2542 724 2586 idem
761 2543 1029 2587 dubitationi
1069 2544 1241 2588 scholio
1278 2558 1320 2600 p.
1353 2545 1421 2596 35,
1452 2545 1635 2596 25—34‚
1668 2546 1712 2588 in

162 2623 251 2668 quo
281 2611 434 2656 omnia
464 2612 700 2656 enchiridii
739 2612 932 2668 capitula
968 2626 1023 2656 ex
1061 2613 1219 2656 ordine
1249 2615 1589 2664 enumerantur;
1627 2626 1714 2669 qua

163 2679 211 2724 in
239 2679 542 2735 descriptione
572 2684 772 2725 extrema
802 2681 1146 2726 Choeroboscus
1178 2682 1287 2726 haec
1318 2682 1449 2726 docet
1479 2682 1567 2724 εἶτα
1596 2681 1713 2738 ζητεῖ

161 2748 237 2792 καὶ
271 2749 369 2806 περὶ
396 2749 798 2807 πολυσχηματίοτων
827 2751 900 2793 καὶ
929 2748 1037 2794 οὕτω
1066 2750 1230 2807 πληροῖ.
1290 2751 1434 2807 Atque
1466 2751 1511 2794 in
1543 2751 1710 2795 nostris

161 2830 338 2874 qnoque
377 2819 607 2862 codicibus
646 2819 942 2863 enchiridium
988 2820 1133 2875 capite
1175 2820 1270 2876 περὶ
1312 2819 1713 2876 πολυσχηματίστων

162 2886 421 2940 absolvitur,
461 2901 562 2931 cum
596 2890 700 2931 ante
731 2889 928 2943 priorem
956 2889 1052 2945 περὶ
1080 2887 1312 2946 ποιήματος
1342 2887 1710 2932 commentarium

163 2954 313 2999 verbis
336 2950 636 3012 Ἠφαιστίωνος
667 2956 862 3014 μετρικῆς
898 2956 1132 3014 εἰσαγωγῆς
1160 2958 1246 3011 (vel
1277 2955 1450 3015 μετρική
1481 2954 1712 3014 εἰσαγωγή)

159 3023 255 3080 περὶ
284 3022 515 3080 ποιήματος
545 3038 686 3069 novus
719 3025 893 3069 libellus
926 3025 1158 3070 indicetur.

1442 3107 1463 3140 2
