2196 3438
1211 322 1268 370 64

465 464 638 510 duabus
669 464 870 521 partibus
902 463 1131 508 deminuta
1168 465 1360 509 similem
1392 465 1437 509 in
1468 464 1651 510 modum
1686 478 1827 512 unum
1856 477 2019 524 corpus

464 536 736 579 constituere
766 535 992 578 videretur
1020 537 1154 590 atque
1175 548 1356 579 carmen
1385 535 1567 591 aliquod
1586 536 2018 593 monostrophicum,

463 618 620 660 parum
652 604 762 647 scite
793 604 991 659 singulas
1024 604 1120 647 eius
1151 607 1302 659 partes
1332 604 1390 647 ad
1411 605 1660 649 carminum
1681 605 2018 662 monostrophi·

463 687 615 717 corum
647 673 986 716 similitudinem
1009 673 1197 727 singulis
1216 674 1511 729 paragraphis
1533 674 1751 728 distinxit,
1772 674 1862 719 nisi
1881 674 2016 732 quod,

460 742 534 785 ubi
566 740 611 784 τὸ
635 740 900 797 ἀντίστροφον
919 741 993 783 τοῦ
1014 740 1163 798 μέλους
1193 744 1237 786 et
1265 741 1313 785 τὸ
1343 740 1627 800 ἀπεπίρρημα
1655 743 1882 797 adessent,
1910 746 2018 800 post

466 810 719 865 epirrhema
757 812 802 852 et
836 810 1171 865 antepirrhema
1210 811 1330 855 notis
1369 811 1659 856 indicandum
1694 812 1867 868 putavit
1902 811 2015 857 haec

462 878 571 922 κατὰ
603 878 784 935 διὲχειαν
814 879 1159 934 responsionem
1190 880 1369 924 habere.

575 960 831 1014 Simplicior
852 962 947 1003 erat
969 958 1202 1004 Heliodori
1233 961 1405 1004 notatio
1437 975 1570 1017 quam
1590 961 1942 1018 Hephaestionis
1970 960 2018 1006 in

461 1028 735 1072 carminibus
771 1027 883 1071 κατὰ
920 1027 1103 1085 διέχειαν
1140 1027 1535 1087 ἀνταποδιδομένοις.
1595 1030 1866 1074 Heliodorus
1896 1029 2018 1074 enim

461 1100 578 1140 hunc
617 1097 920 1153 respondendi
958 1098 1144 1141 modum
1189 1112 1243 1142 eo
1287 1101 1463 1143 tantum
1507 1102 1692 1144 notasse
1734 1099 1924 1153 videtur,
1965 1099 2017 1143 ut

463 1167 701 1222 posteriori
732 1166 990 1210 huiusmodi
1028 1167 1240 1210 carminis
1277 1169 1394 1223 parti
1425 1168 1598 1223 ineunti
1629 1168 1840 1224 gemellas
1871 1165 2016 1224 diplas

460 1250 520 1279 sc.
559 1235 637 1287 ἔξω
675 1235 910 1287 νενευκυίας
946 1236 1222 1291 appingeret,
1260 1250 1361 1280 cum
1400 1238 1446 1280 in
1483 1238 1634 1293 priore
1664 1240 1793 1294 parte
1823 1239 2014 1282 exeunte

460 1306 556 1348 sola
595 1305 713 1360 diple
751 1318 812 1348 sc.
857 1304 935 1357 ἔξω
964 1305 1178 1363 νενευκυίᾳ
1206 1308 1256 1349 ut
1286 1306 1572 1364 ἐτερομετρίας
1603 1308 1732 1363 signo
1761 1306 2016 1362 uteretur.¹)

462 1375 631 1418 Contra
659 1375 935 1430 Hephaestio
964 1374 1106 1430 priori
1134 1376 1251 1431 parti
1283 1377 1462 1420 exeunti
1490 1379 1722 1432 praeterea
1750 1375 1903 1432 diplen
1932 1374 2016 1418 nom

457 1449 693 1487 νενευκυϊαν
722 1443 908 1496 addidit,
938 1446 987 1487 ut
1018 1444 1287 1499 significaret
1319 1448 1525 1489 secutura
1555 1459 1656 1490 esse
1685 1458 1798 1502 quae
1827 1456 2016 1500 respon-

457 1513 604 1555 deant.
681 1512 896 1556 Similiter
947 1514 1213 1569 posterioris
1258 1514 1401 1569 partis
1449 1527 1542 1558 non
1595 1514 1772 1558 initium
1818 1513 2015 1570 propriis

459 1581 580 1624 notis
613 1581 838 1634 instruxit,
870 1581 951 1624 sed
982 1582 1028 1624 in
1056 1582 1144 1625 fine
1175 1582 1323 1638 diplae
1352 1581 1432 1635 ἔξω
1462 1582 1674 1640 νενευκυίᾳ
1710 1583 1898 1627 alteram
1935 1581 2016 1635 ἔξω

454 1655 688 1693 νενευκυῖαν
725 1650 901 1703 adiecit,
938 1653 985 1694 ut
1016 1651 1157 1706 ipsius
1193 1652 1342 1695 verbis
1379 1654 1494 1705 utar,
1533 1650 1601 1694 διὰ
1636 1651 1792 1696 τούτων
1828 1649 2003 1709 δηλούν-

458 1733 538 1762 των
567 1717 685 1776 ήμῶν
715 1717 776 1762 ὅτι
807 1717 1145 1763 ἀνταποδέδοται.

574 1800 703 1855 Ergo,
735 1800 781 1843 id
811 1801 931 1856 quod
962 1801 1030 1844 vel
1059 1815 1140 1857 per
1172 1815 1220 1844 se
1251 1805 1604 1846 consentaneum
1636 1805 1718 1855 est,
1754 1801 2014 1846 universum

459 1871 666 1912 notarum
703 1883 834 1912 usum
879 1870 1070 1913 eundem
1116 1870 1255 1914 fuisse
1300 1870 1418 1926 apud
1454 1871 1838 1927 Hephaestionem
1882 1872 2016 1927 atque

459 1938 576 1993 apud
605 1938 898 1982 Heliodorum
936 1942 980 1983 et
1015 1953 1240 1995 perpauca
1276 1942 1449 1983 tantum
1480 1940 1536 1983 ab
1566 1940 1903 1996 Hephaestione
1931 1952 2015 1983 no-

458 2010 558 2050 vata
598 2021 698 2051 esse
737 2007 1042 2063 cognovimus.
1110 2008 1240 2061 Quod
1272 2010 1309 2052 si
1349 2012 1469 2053 recte
1500 2009 1774 2065 disputatum
1805 2011 1887 2062 est,
1926 2009 2015 2052 iam

459 2077 625 2120 corruit
683 2077 974 2132 praecipuum
1030 2081 1363 2133 argumentum,
1424 2092 1511 2135 quo
1555 2079 1751 2122 Hensius
1804 2078 1863 2134 (p.
1917 2077 2016 2134 167)

457 2146 673 2189 adductus
727 2149 815 2198 est,
867 2149 916 2190 ut
971 2147 1263 2191 Heliodorum
1307 2147 1453 2204 primo
1498 2162 1542 2203 p.
1589 2148 1692 2192 Chr.
1739 2161 1782 2191 n.
1837 2146 2015 2191 saeculo

457 2215 604 2257 medio
636 2216 679 2258 h.
712 2229 747 2258 e.
781 2215 927 2259 eidem
956 2217 1105 2270 aetati,
1145 2230 1258 2272 quae
1297 2215 1505 2261 Caesium
1550 2218 1740 2261 Bassum
1778 2217 1892 2272 tulit,
1934 2216 2016 2260 tri-

459 2283 667 2339 bueret.²)

553 2445 578 2490 ¹)
605 2446 648 2480 cf.
663 2445 778 2481 schol.
793 2445 879 2481 Pac.
892 2446 971 2482 473.
1015 2446 1054 2482 In
1069 2446 1187 2482 schol.
1204 2446 1270 2492 Eq.
1288 2447 1358 2483 624
1374 2458 1440 2493 pro
1458 2449 1578 2483 διπλοῖ
1591 2450 1688 2484 reete
1706 2448 1779 2484 iam
1797 2446 2013 2484 Duebnerus

459 2503 603 2548 scripsit
621 2506 745 2549 διπλῆ;
767 2504 865 2540 idem
892 2505 1126 2541 scribendum
1147 2509 1204 2541 est
1226 2506 1262 2541 in
1288 2506 1405 2542 schol.
1429 2506 1513 2542 Pac.
1536 2507 1605 2542 956
1628 2518 1695 2553 pro
1718 2506 1783 2542 δύο
1806 2507 1938 2543 διπλαῖ.

574 2561 603 2607 ¹)
628 2561 781 2597 Etiamsi
810 2563 907 2598 inter
941 2563 1201 2599 Heliodoream
1237 2564 1648 2611 Hephaestioneamque
1684 2568 1854 2602 notarum
1892 2564 2013 2600 metri-

459 2630 582 2654 cat-um
608 2620 793 2655 doctrinas
824 2632 863 2656 re
887 2632 975 2656 vera
999 2633 1066 2657 eae
1091 2633 1184 2668 quas
1216 2622 1375 2658 Hensius
1408 2634 1490 2658 esse
1522 2623 1717 2659 affirmavit
1746 2622 2014 2668 discrepantiae

459 2677 689 2720 interessent,
726 2679 762 2713 id
802 2680 901 2724 quod
932 2680 1091 2715 Hensius
1131 2681 1176 2716 de
1201 2681 1391 2716 Heliodori
1428 2684 1548 2717 aetate
1574 2681 1711 2723 statuit,
1746 2681 1896 2717 minime
1927 2681 2014 2718 inde

459 2734 673 2771 efficeretur.
722 2736 848 2782 Neque
874 2749 919 2773 ex
943 2738 1096 2783 reliquis
1122 2750 1215 2784 quas
1240 2739 1361 2775 attulit
1386 2740 1589 2775 rationibus
1616 2741 1688 2775 hoc
1713 2739 1886 2785 colligere
1914 2740 2013 2776 licet.

460 2793 595 2828 Contra
619 2805 664 2829 ea
688 2798 914 2839 argumenta,
949 2797 1085 2841 quibus
1110 2797 1248 2832 Keilius
1274 2798 1534 2843 (Quaestiones
1560 2801 1761 2843 grammat..
1786 2797 1887 2843 Lips.
1912 2796 2013 2839 1860.

461 2862 493 2895 p.
513 2851 555 2885 12
568 2852 664 2897 sqq.)
690 2855 726 2887 et
750 2853 1000 2899 Westphalius
1026 2855 1166 2900 (Metrik
1190 2856 1227 2890 1²
1249 2867 1284 2901 p.
1308 2857 1390 2903 223)
1415 2857 1563 2892 adducti
1588 2860 1684 2899 sunt,
1709 2859 1750 2892 ut
1772 2856 2013 2893 Heliodorum

460 2908 734 2953 Hephaestione
765 2922 841 2947 non
871 2912 987 2947 multo
1025 2913 1270 2958 antiquiorem
1307 2915 1421 2950 fuisse
1459 2919 1668 2957 censerent,
1710 2925 1833 2960 neque
1866 2913 2014 2960 Lipsius

459 2966 603 3010 (Annal.
629 2968 718 3012 phil.
743 2970 784 3004 81
814 2981 848 3015 p.
874 2971 942 3005 609
967 2971 1062 3017 sqq.)
1089 2983 1210 3017 neque
1226 2972 1386 3008 Hensius
1403 2973 1667 3019 redarguerunt
1688 2976 1725 3009 et
1747 2973 1838 3009 mihi
1863 2973 2014 3019 quidem

459 3023 642 3067 simultas,
679 3037 774 3070 quae
811 3028 905 3063 inter
939 3028 1179 3065 Heliodorum
1217 3033 1327 3075 atque
1358 3031 1670 3077 Hephaestionem
1706 3031 1932 3074 intercessit,
1968 3043 2013 3067 ex
